URL: https://www.ebay.ch/sch/i.html?_ssc=1&_nkw=autolack
Title: autolack | eBay
Description: Tolle Angebote bei eBay für autolack. Sicher einkaufen.

autolack | eBay
Hauptinhalt anzeigenStöbern in KategorienStöbern in KategorienGeben Sie Ihren Suchbegriff ein Alle KategorienAntiquitäten & Kunst Auto & Motorrad: Fahrzeuge Auto & Motorrad: Teile Baby Bastel- & Künstlerbedarf Beauty & Gesundheit Briefmarken Bücher & Zeitschriften Büro & Schreibwaren Business & Industrie Computer, Tablets & Netzwerk Feinschmecker Filme & Serien Foto & Camcorder Garten & Terrasse Handys & Kommunikation Haushaltsgeräte Haustierbedarf Heimwerker Kleidung & Accessoires Möbel & Wohnen Modellbau Münzen Musik Musikinstrumente PC- & Videospiele Reisen Sammeln & Seltenes Spielzeug Sport Tickets TV, Video & Audio Uhren & Schmuck VerschiedenesErweitertHallo (Einloggen zum Bieten oder Kaufen) Hilfe & Kontakt VerkaufenMein eBayMein eBay einblenden Zusammenfassung Zuletzt angesehen Gebote/Preisvorschläge Beobachtungsliste Kaufen - Übersicht Verkaufen - Übersicht Gespeicherte Suchen Gespeicherte Verkäufer NachrichtenBenachrichtigung
A+++A++A+ADEFGA+++A++A+ABCDEFGPassend:autolack spraydoseautolack 2kautolack schwarz glänzendautolack weiß glänzendauto lackstiftautolack schwarz mattautolack mattautolack grauautolack rotlacksprayautolack silberautolack blauBeschreibung einfügenKategorieAusgewählte KategorieAlleAuto & Motorrad: TeileWerkzeugeAuto-Anbau- & -ZubehörteileAuto-Ersatz- & -ReparaturteileAuto-Tuning & -StylingÖl, Pflege- & SchmiermittelAutoreifen & FelgenAutoelektronik, GPS & SicherheitstechnikMotorradzubehörRoller-TeileKfz-Services & -ReparaturenMotorradteileSpezielle Fahrzeug-TeileQuad-TeileAnleitungen & HandbücherGolfwagen Teile & ZubehörMotorrad-MotorsportKrafträder: Reifen & FelgenKleidung, Schutzausrüstung & MerchandiseMehrHeimwerkerFarben, Tapeten & ZubehörWerkstattausrüstungWerkzeugeInstallationBad & KücheBaustoffe & HolzMehrMöbel & WohnenDekorationHaushaltBadezimmerKochen & GenießenHochzeitsdekorationSonstigeMehrSportWeitere SportartenFunsportBootsportRadsportMehrBusiness & IndustrieBaustoffe & BauelementeDienstleistungenProduktions- & IndustriebedarfWerkzeuge & WerkstattbedarfDruckerei & CopyshopSonstige Branchen & ProdukteMetallbearbeitung & SchlossereiHolzbearbeitung & TischlereiSicherheit & GebäudeinstandhaltungKunststoffindustrie & ChemieMehrSammeln & SeltenesReklame & WerbungTrading CardsTransportAnsichtskartenMehrBeauty & GesundheitManiküre & PediküreEnthaarung & RasurMehrModellbauAuto- & VerkehrsmodelleWerkzeugRennbahnen & SlotcarsModelleisenbahnMehrBücher & ZeitschriftenBücherFachbücher, Lernen & NachschlagenMehrAntiquitäten & KunstAntiquarische BücherAntikspielzeugPeriodika & KatalogeKunstMehrBastel- & KünstlerbedarfTextilmalerei & DekorationenMehrAuto & Motorrad: FahrzeugeAutomobileMehrBüro & SchreibwarenPapier, Büro- & SchreibwarenMehrUhren & SchmuckEchtschmuckMehrSpielzeugSpielzeugautosMehrMehr anzeigenFarbeBeige (15'286) Artikel (15'286)Orange (12'763) Artikel (12'763)Gold (10'849) Artikel (10'849)Blau (3'621) Artikel (3'621)Grün (3'082) Artikel (3'082)Alle ansehenLackartAcryl Lack (84'200) Artikel (84'200)Effektlack (240) Artikel (240)Wasserbasierend (129) Artikel (129)Chromlack (22) Artikel (22)Candy Lack (2) Artikel (2)Alle ansehenProduktartSet (414'583) Artikel (414'583)Silikonentferner (16) Artikel (16)Rostschutzgrundierung (1) Artikel (1)Keine Angabe (252'978) Artikel (252'978)Alle ansehenKomponentensystem2K (84'038) Artikel (84'038)Keine Angabe (584'958) Artikel (584'958)Alle ansehenArtikelzustandNeu (967'053) Artikel (967'053)Gebraucht (565) Artikel (565)Keine Angabe (95) Artikel (95)Alle ansehenPreisUnter CHF 31,00Über CHF 31,00Bitte geben Sie eine gültige Preisspanne einCHFbis CHFAlle ansehenAngebotsformatAlleAuktionSofort-KaufenAlle ansehenArtikelstandortStandardInnerhalbRadius2 km5 km10 km15 km20 km25 km50 km75 km100 km150 km200 km500 km750 km1000 km1500 km2000 kmvonSchweizEuropäische UnionKontinentaleuropaWeltweitAlle ansehenLieferoptionenKostenloser VersandClick & CollectKostenlose AbholungAlle ansehenNur anzeigenRücknahme akzeptiertAutorisierter HändlerBeendete AngeboteVerkaufte ArtikelAlle ansehenWeitere Filter...AlleAuktionSofort-KaufenAngebotsformatAlleAuktionSofort-KaufenArtikelzustandAlle ArtikelzuständeNeuGebrauchtKeine AngabeArtikelstandortStandardSchweizEuropäische UnionKontinentaleuropaWeltweitSortierenBeste ErgebnisseBeste ErgebnisseBald endende Angebote zuerstNeu eingestellte Angebote zuerstNiedrigster Preis inkl. Versand zuerstHöchster Preis inkl. Versand zuerstNiedrigster PreisHöchster PreisEntfernung zum ArtikelstandortArtikelzustand: neu zuerstArtikelzustand: gebraucht zuerstGalerieansichtAnpassen 764'809 Ergebnisse für autolackDiese Suche speichernVersand nach: 5000Versandziel aktualisierenAfghanistan - AFGAlbanien - ALBAlgerien - DZAAmerikanisch-Samoa - ASMAndorra - ANDAngola - AGOAnguilla - AIAAntigua und Barbuda - ATGArgentinien - ARGArmenien - ARMAruba - ABWAserbaidschan - AZEAustralien - AUSBahamas - BHSBahrain - BHRBangladesch - BGDBarbados - BRBBelarus (Weißrussland) - BLRBelgien - BELBelize - BLZBenin - BENBermuda - BMUBhutan - BTNBolivien - BOLBosnien und Herzegowina - BIHBotswana - BWABrasilien - BRABritische Jungferninseln - VGBBrunei Darussalam - BRNBulgarien - BGRBurkina Faso - BFABurma (Myanmar) - MMRBurundi - BDIChile - CHLChina - CHNCookinseln - COKCosta Rica - CRICôte d'Ivoire (Elfenbeinküste) - CIVDeutschland - DEUDominica - DMADominikanische Republik - DOMDschibuti - DJIDänemark - DNKEcuador - ECUEl Salvador - SLVEritrea - ERIEstland - ESTFalklandinseln (Malwinen) - FLKFidschi - FJIFinnland - FINFrankreich - FRAFranzösisch-Guayana - GUFFranzösisch-Polynesien - PYFGabun - GABGambia - GMBGeorgien - GEOGhana - GHAGibraltar - GIBGrenada - GRDGriechenland - GRCGroßbritannien - GBRGrönland - GRLGuadeloupe - GLPGuam - GUMGuatemala - GTMGuernsey - GGGuinea - GINGuinea-Bissau - GNBGuyana - GUYHaiti - HTIHonduras - HNDHongkong - HKGIndien - INDIndonesien - IDNIrland - IRLIsland - ISLIsrael - ISRItalien - ITAJamaika - JAMJapan - JPNJemen - YEMJersey - JEJordanien - JORJungferninseln (USA) - VIRKaiman-Inseln - CYMKambodscha - KHMKamerun - CMRKanada - CANKap Verde - CPVKasachstan - KAZKatar - QATKenia - KENKirgisistan - KGZKiribati - KIRKolumbien - COLKomoren - COMKongo, Demokratische Republik - CODKongo, Republik - COGKroatien - HRVKuwait - KWTLaos - LAOLettland - LVALibanon - LBNLiechtenstein - LIELitauen - LTULuxemburg - LUXMacau - MACMadagaskar - MDGMalawi - MWIMalaysia - MYSMalediven - MDVMali - MLIMalta - MLTMarokko - MARMarshallinseln - MHLMartinique - MTQMauretanien - MRTMauritius - MUSMayotte - MYTMazedonien - MKDMexiko - MEXMikronesien - FSMMoldawien - MDAMonaco - MCOMongolei - MNGMontenegro - MNEMontserrat - MSRMosambik - MOZNamibia - NAMNauru - NRUNepal - NPLNeukaledonien - NCLNeuseeland - NZLNicaragua - NICNiederlande - NLDNiederländische Antillen - ANTNiger - NERNigeria - NGANiue - NIUNorwegen - NOROman - OMNPakistan - PAKPalau - PLWPanama - PANPapua-Neuguinea - PNGParaguay - PRYPeru - PERPhilippinen - PHLPolen - POLPortugal - PRTPuerto Rico - PRIRuanda - RWARumänien - ROURussische Föderation - RUSRéunion - REUSaint-Pierre und Miquelon - SPMSalomonen - SLBSambia - ZMBSamoa (Westsamoa) - WSMSan Marino - SMRSaudi-Arabien - SAUSchweden - SWESchweiz - CHESenegal - SENSerbien - SRBSeychellen - SYCSierra Leone - SLESimbabwe - ZWESingapur - SGPSlowakei - SVKSlowenien - SVNSomalia - SOMSpanien - ESPSri Lanka - LKASt. Helena - SHNSt. Kitts und Nevis - KNASt. Lucia - LCASt. Vincent und die Grenadinen - VCTSuriname - SURSwasiland - SWZSüdafrika - ZAFSüdkorea - KORTadschikistan - TJKTaiwan - TWNTansania - TZAThailand - THATogo - TGOTonga - TONTrinidad und Tobago - TTOTschad - TCDTschechische Republik - CZETunesien - TUNTurkmenistan - TKMTurks- und Caicosinseln - TCATuvalu - TUVTürkei - TURUganda - UGAUkraine - UKRUngarn - HUNUruguay - URUUsbekistan - UZBVanuatu - VUTVatikan - VATVenezuela - VENVereinigte Arabische Emirate - AREVereinigte Staaten von Amerika - USAVietnam - VNMWallis und Futuna - WLFWestsahara - ESHZentralafrikanische Republik - CAFZypern - CYPÄgypten - EGYÄquatorialguinea - GNQÄthiopien - ETHÖsterreich - AUT7A0nzeigAePA7E-1-1-1-1UJ-10FJ-1-1
Auswählen nach: KategorieMehrschichtlacke für AutolackiererSpraydosen für AutolackiererKlarlacke für AutolackiererFarben, Beizen & Lacke für HeimwerkerGrundierungen für AutolackiererAutolack Spraydose Set VW / Volkswagen Black Magic Perl LC9Z Basislack KlarlackBrandneuCHF 20,69  CHF 25,86 pro l(CHF 25,86/l)Sofort-Kaufen+CHF 27,25 Versandaus Deutschland64 verkauft
ANnIz0eigeOB0P1GKPAuto-K Lackstift-Set VW / Audi LY9C Ibisweiss (2x9ml)BrandneuCHF 8,73Sofort-Kaufen+CHF 16,31 Versandaus Deutschland
6AnzeigeYF89NNJITSAutolack Spraydose Set Honda NH701M Galaxy Gray Metallic Basislack Klarlack HandBrandneuCHF 24,95  CHF 31,19 pro l(CHF 31,19/l)Sofort-Kaufen+CHF 27,25 Versandaus Deutschland
FADnz6eDIigeBKW1E8Autolack Spraydose Set Ford JA Race Red Basislack Klarlack Sprühdose 400mlBrandneuCHF 20,69  CHF 25,86 pro l(CHF 25,86/l)Sofort-Kaufen+CHF 27,25 Versandaus Deutschland
AUFF7IP9nzeiDAgeWAutolack Spraydose Set Mercedes 9160 Tropenschwarz Pearl Basislack Klarlack HandBrandneuCHF 24,95  CHF 31,19 pro l(CHF 31,19/l)Sofort-Kaufen+CHF 27,25 Versandaus Deutschland Anz9ei0TgeWJOU87XD2,0 Liter 2K Acryl Lack Autolack Set VOLKSWAGEN CANDYWEISS B9ABrandneuCHF 40,39Sofort-Kaufen+CHF 27,25 Versandaus Deutschland
An2V0zJei6JSXCgeKPAutolack Spraydosen Set für Kunststoff VW LC3W Rosewood Red Pearl StoßstangeBrandneuCHF 30,54  CHF 25,45 pro l(CHF 25,45/l)Sofort-Kaufen+CHF 27,25 Versandaus Deutschland ABMnWzSeEigeZZJKY6Autolack Spraydosen Set für Kunststoff VW C3W Rosewood Red Pearl StoßstangeBrandneuCHF 30,54  CHF 25,45 pro l(CHF 25,45/l)Sofort-Kaufen+CHF 27,25 Versandaus Deutschland 62AW4nzeiMgWeR1CK21,0 Liter DIPON® Premium Silikonentferner Entfetter Lackierer Reiniger AutolackBrandneuCHF 4,59  CHF 4,59 pro L(CHF 4,59/L)Sofort-Kaufen+CHF 12,03 Versandaus Deutschland587 verkauft Anzei5gePWIAMQ3FEYAutolack Spraydose Set VW / Volkswagen Amaryllisrot Metallic LA3S Basislack KlarBrandneuCHF 20,69  CHF 25,86 pro l(CHF 25,86/l)Sofort-Kaufen+CHF 27,25 Versandaus Deutschland 4BAnzeiK37gCe3LBRVAutolack Spraydose Skoda LY3D Tornadorot Basislack Sprühdose 400mlBrandneuCHF 15,21  CHF 38,03 pro l(CHF 38,03/l)Sofort-Kaufen+CHF 27,25 Versandaus Deutschland AnzHeYWigeWIN636PTMultona Autolack Spray BMW 184 Delphingrau metallic (400ml)BrandneuCHF 13,02  CHF 32,55 pro L(CHF 32,55/L)Sofort-Kaufen+CHF 16,31 Versandaus Deutschland122 verkauft AnzePFNLWYiZW0BgeAutolack Spraydose Set Volvo 019 Black Stone Basislack Klarlack Handgriff PistolBrandneuCHF 24,95  CHF 31,19 pro l(CHF 31,19/l)Sofort-Kaufen+CHF 27,25 Versandaus Deutschland 8AAn5zMeGige8FLEJJAutolack Spraydose Set Ford K1 Magnum Grey Metallic Basislack Klarlack SprühdoseBrandneuCHF 20,69  CHF 25,86 pro l(CHF 25,86/l)Sofort-Kaufen+CHF 27,25 Versandaus Deutschland BAn7Tz0TeiWRgeRN0U2K Acryl Lack Autolack 1 Liter Set RAL 1026 LEUCHTGELB glänzend incl. HärterBrandneuCHF 29,44  CHF 29,44 pro l(CHF 29,44/l)Sofort-Kaufen+CHF 27,25 Versandaus Deutschland34 verkauft
YDAnzeOZJi55SgL0CeAutolack Spraydose Set Ford XSC2431 Moondust Silver Metallic Basislack KlarlackBrandneuCHF 20,69  CHF 25,86 pro l(CHF 25,86/l)Sofort-Kaufen+CHF 27,25 Versandaus Deutschland
OWAnzR4NFe0Nige4EFAutolack Spraydose Set Peugeot 1338 Jaune Hertz Basislack Klarlack Sprühdose 400BrandneuCHF 20,69  CHF 25,86 pro l(CHF 25,86/l)Sofort-Kaufen+CHF 27,25 Versandaus Deutschland
An1z0eiBgKUBeELDSDRAutolack Spraydose Set
AustinRover YL61 Mustard Yellow Basislack Klarlack SprühBrandneuCHF 20,69  CHF 25,86 pro l(CHF 25,86/l)Sofort-Kaufen+CHF 27,25 Versandaus Deutschland
AXn9zeiZgeT24K8TAOAutolack Spraydose Set Mercedes / Daimler Benz 348 Pearlblau Metallic BasislackBrandneuCHF 20,69  CHF 25,86 pro l(CHF 25,86/l)Sofort-Kaufen+CHF 27,25 Versandaus Deutschland E0AnKzeU3VigIHeMMAutolack Spraydose Set Porsche 107 Continentalorange Basislack Klarlack SprÃ¼hdoBrandneuCHF 20,69  CHF 25,86 pro l(CHF 25,86/l)Sofort-Kaufen+CHF 27,25 Versandaus Deutschland A0nzWeDi11XW9gVVWeMultona Autolack Spray CITROEN AC448 Rouge vallelunga (400ml)BrandneuCHF 13,02  CHF 32,55 pro L(CHF 32,55/L)Sofort-Kaufen+CHF 16,31 Versandaus Deutschland FAnzeiMgeY0JX0DS7Multona Autolack Spray 2-Schicht Klarlack (400ml)BrandneuCHF 13,02  CHF 32,55 pro l(CHF 32,55/l)Sofort-Kaufen+CHF 16,31 Versandaus Deutschland AKnMzeS3Sige14PVJNAutolack Spraydose Set Fiat 348B Grigio Intellettuale Metallic Basislack KlarlacBrandneuCHF 20,69  CHF 25,86 pro l(CHF 25,86/l)Sofort-Kaufen+CHF 27,25 Versandaus Deutschland AF4MnQzeigXPT6e3LQAutolack Spraydose Set
Chrysler PS4 Bright Platinum Metallic Basislack KlarlackBrandneuCHF 20,69  CHF 25,86 pro l(CHF 25,86/l)Sofort-Kaufen+CHF 27,25 Versandaus Deutschland FAJLAKn2PP7F8zeigeAutolack Spraydose Set Honda B61M Caribbean Blue Earl Basislack Klarlack SprühdoBrandneuCHF 20,69  CHF 25,86 pro l(CHF 25,86/l)Sofort-Kaufen+CHF 27,25 Versandaus Deutschland HAInzKeige8WI5RXUAutolack Spraydose Set
Hyundai OL Marine Blue Metallic Basislack Klarlack SprühBrandneuCHF 20,69  CHF 25,86 pro l(CHF 25,86/l)Sofort-Kaufen+CHF 27,25 Versandaus Deutschland AInzeiDL8HgeZ71IKKAutolack Spraydose Set Honda G68M Sabrina Grey Metallic Basislack Klarlack SprühBrandneuCHF 20,69  CHF 25,86 pro l(CHF 25,86/l)Sofort-Kaufen+CHF 27,25 Versandaus Deutschland QAnNzDeVHXBV4i6ge8Autolack Spraydose Set Fiat 418B Blu M'Ama Non M'Ama Basislack Klarlack SprühdosBrandneuCHF 20,69  CHF 25,86 pro l(CHF 25,86/l)Sofort-Kaufen+CHF 27,25 Versandaus Deutschland AnDzeIFLMA3iIgNePAutolack Spraydose Set Toyota 53A7 Maron Basislack Klarlack Sprühdose 400mlBrandneuCHF 20,69  CHF 25,86 pro l(CHF 25,86/l)Sofort-Kaufen+CHF 27,25 Versandaus Deutschland AGAnzeXigUeOELU0TAutolack Spraydose Lancia 845A Blu Nicole Metallic Basislack Sprühdose 400mlBrandneuCHF 15,21  CHF 38,03 pro l(CHF 38,03/l)Sofort-Kaufen+CHF 27,25 Versandaus Deutschland ZAn6zKeigUeC9GNEGLAutolack Spraydose Set Honda PB83P Premium Deep Violet Perl Basislack Klarlack SBrandneuCHF 20,69  CHF 25,86 pro l(CHF 25,86/l)Sofort-Kaufen+CHF 27,25 Versandaus Deutschland A0KnX75zM31eZiCgDeAutolack Spraydose Set Mercedes 8526 Dolomitbraun Metallic Basislack Klarlack HaBrandneuCHF 24,95  CHF 31,19 pro l(CHF 31,19/l)Sofort-Kaufen+CHF 27,25 Versandaus Deutschland AnzPeig2eQZO9M1EPL2,5L Basislack Autolack Set Mercedes 240 LotusblauM spritzfertig mit KlarlackBrandneuCHF 60,09  CHF 24,04 pro l(CHF 24,04/l)Sofort-Kaufen+CHF 27,25 Versandaus Deutschland OAnMAXDzReNi0geE8Autolack Spraydose Set
Hyundai UG Green Bean Metallic Basislack Klarlack SprühdBrandneuCHF 20,69  CHF 25,86 pro l(CHF 25,86/l)Sofort-Kaufen+CHF 27,25 Versandaus Deutschland A8nz9eQig0FMPVeJ0SAutolack Spraydosen Set für Kunststoff Fiat 296A Bianco Divino StoßstangeBrandneuCHF 30,54  CHF 25,45 pro l(CHF 25,45/l)Sofort-Kaufen+CHF 27,25 Versandaus Deutschland AA1nz3ei0BWLg12e98Autolack Spraydose Set Lexus C7P Firestorm Basislack Klarlack Sprühdose 400mlBrandneuCHF 20,69  CHF 25,86 pro l(CHF 25,86/l)Sofort-Kaufen+CHF 27,25 Versandaus Deutschland AJDnSUGWzeLi324g9eLackstift Set für VW / Audi: Farblack (Basis) + Klarlack / Wunschfarbe wählbarBrandneuCHF 15,27 bis CHF 21,83Sofort-Kaufen+CHF 4,32 Versandaus Deutschland8+ Beobachter AnEzYJK2eigY85eQ2I2,5L Basislack Autolack Set Ford BRQAWWA Race Red spritzfertig mit KlarlackBrandneuCHF 60,09  CHF 24,04 pro l(CHF 24,04/l)Sofort-Kaufen+CHF 27,25 Versandaus Deutschland AnzXKei1DKLg8CeRQM2,5L Basislack Autolack Set Mercedes 348 Pearlblau Metallic spritzfertig mit KlaBrandneuCHF 60,09  CHF 24,04 pro l(CHF 24,04/l)Sofort-Kaufen+CHF 27,25 Versandaus Deutschland
AEB9nEzXeigeMJJEDBAutolack Spraydose Set VW / Volkswagen White Silver Metallic B9Z LB9Z BasislackBrandneuCHF 20,69  CHF 25,86 pro l(CHF 25,86/l)Sofort-Kaufen+CHF 27,25 Versandaus Deutschland
AnzRQ5K6eWigeQ1TTFAutolack Spraydose Set Ford 9TQCWWA Noisette Metallic Basislack Klarlack SprühdoBrandneuCHF 20,69  CHF 25,86 pro l(CHF 25,86/l)Sofort-Kaufen+CHF 27,25 Versandaus Deutschland PAnzHe6iSgeOJ8V12Letzter Artikel25g Flip Flop Dunkelblau zu Rot Auto Effektlack Dip PigmenteBrandneuCHF 21,89  CHF 87,56 pro 100 g(CHF 87,56/100 g)oder Preisvorschlag+CHF 7,88 Versandaus DeutschlandLetzter Artikel1 Beobachter Anz1eiMgHeXB1PK4KO2,5L Basislack Autolack Set Skoda 6061 Speedgelb spritzfertig mit KlarlackBrandneuCHF 60,09  CHF 24,04 pro l(CHF 24,04/l)Sofort-Kaufen+CHF 27,25 Versandaus Deutschland AnzeUNi3gLAeT99VT2,5L Basislack Autolack Set Mazda 32V Copper Red Perl spritzfertig mit KlarlackBrandneuCHF 60,09  CHF 24,04 pro l(CHF 24,04/l)Sofort-Kaufen+CHF 27,25 Versandaus Deutschland ZAUMnzei4gJe4AY1XAutolack Spraydose Set Ford G9ZEWHA Absolute Black Perl Basislack Klarlack SprühBrandneuCHF 20,69  CHF 25,86 pro l(CHF 25,86/l)Sofort-Kaufen+CHF 27,25 Versandaus Deutschland BUA8LnK1QDZ4EzeigeAutolack Spraydosen Set für Kunststoff VW LA7W Reflexsilber Metallic StoßstangeBrandneuCHF 30,54  CHF 25,45 pro l(CHF 25,45/l)Sofort-Kaufen+CHF 27,25 Versandaus Deutschland Anz7e1JGPig9eUYV07Autolack Spraydose Set Citroen 080 Gris Vulcain Metallic Basislack Klarlack HandBrandneuCHF 24,95  CHF 31,19 pro l(CHF 31,19/l)Sofort-Kaufen+CHF 27,25 Versandaus Deutschland AI8nT8zF9eYiX6g5eAutolack Spraydose Set
Mazda 34K Crystal White Perl Metallic Basislack KlarlackBrandneuCHF 20,69  CHF 25,86 pro l(CHF 25,86/l)Sofort-Kaufen+CHF 27,25 Versandaus Deutschland AD9nze5i6gQEZKeV5O2,5L Basislack Autolack Set Opel 21B Ultrablau Metallic spritzfertig mit KlarlacBrandneuCHF 60,09  CHF 24,04 pro l(CHF 24,04/l)Sofort-Kaufen+CHF 27,25 Versandaus Deutschland AR6nzIIOe6Y19Rige1L Basislack VW 9719 Ascotgrau Autolack SpritzfertigBrandneuCHF 41,48  CHF 41,48 pro l(CHF 41,48/l)Sofort-Kaufen+CHF 27,25 Versandaus Deutschland 4AEn3zeigeNZDHAJMSAutolack Spraydose Rover 381 Wedgewood Blue Metallic Basislack Sprühdose 400mlBrandneuCHF 15,21  CHF 38,03 pro l(CHF 38,03/l)Sofort-Kaufen+CHF 27,25 Versandaus Deutschland G96CQNA2nzeige020DAutolack Spraydosen Set für Kunststoff VW LY9B Brillantschwarz StoßstangeBrandneuCHF 30,54  CHF 25,45 pro l(CHF 25,45/l)Sofort-Kaufen+CHF 27,25 Versandaus Deutschland S6AnVAVXFzeigTe91OAutolack Spraydosen Set für Kunststoff BMW B41 Singapurgrau Metallic StoßstangeBrandneuCHF 30,54  CHF 25,45 pro l(CHF 25,45/l)Sofort-Kaufen+CHF 27,25 Versandaus Deutschland UABnzFXGMeigeGB5QBMultona Autolack Spray VOLVO 019-1 Black (400ml)BrandneuCHF 13,02  CHF 32,55 pro L(CHF 32,55/L)Sofort-Kaufen+CHF 16,31 Versandaus Deutschland XCAHNn8QzeTige6THAutolack Spraydose KIA WD Casa White Basislack Sprühdose 400mlBrandneuCHF 15,21  CHF 38,03 pro l(CHF 38,03/l)Sofort-Kaufen+CHF 27,25 Versandaus Deutschland AnTzJ8ZXe1igeCZADNAutolack Spraydose Set VW / Volkswagen Daytonagrau Matt Perl LX7A Basislack KlarBrandneuCHF 20,69  CHF 25,86 pro l(CHF 25,86/l)Sofort-Kaufen+CHF 27,25 Versandaus Deutschland 9APnzeZigFTP2eFJCEAutolack Spraydose Peugeot EWP Blanc Banquise Basislack Sprühdose 400mlBrandneuCHF 15,21  CHF 38,03 pro l(CHF 38,03/l)Sofort-Kaufen+CHF 27,25 Versandaus Deutschland GAUnB1zeiBQNEWYgeU250ML Basislack Mitsubishi G61 Tin Silver Metallic Autolack SpritzfertigBrandneuCHF 17,07  CHF 68,28 pro l(CHF 68,28/l)Sofort-Kaufen+CHF 27,25 Versandaus Deutschland An0zeiMgeQ7TQ0XISAEAutolack 0,25 Liter Set RAL 8023 ORANGEBRAUN glänzend incl. Härter 2K Acryl LackBrandneuCHF 20,58  CHF 82,32 pro l(CHF 82,32/l)Sofort-Kaufen+CHF 27,25 Versandaus Deutschland 6XADnLz6e8igeUS0A5Autolack 0,25 Liter Set RAL 8025 BLASSBRAUN glänzend incl. Härter 2K Acryl LackBrandneuCHF 20,58  CHF 82,32 pro l(CHF 82,32/l)Sofort-Kaufen+CHF 27,25 Versandaus Deutschland YR6U8AnzKeRi5gReUSAutolack 0,25 Liter Set RAL 8028 TERRABRAUN glänzend incl. Härter 2K Acryl LackBrandneuCHF 20,58  CHF 82,32 pro l(CHF 82,32/l)Sofort-Kaufen+CHF 27,25 Versandaus Deutschland ADEBBMnSFzBe0igeYEAutolack 0,25 Liter Set RAL 9011 GRAPHITSCHWARZ glänzend incl. Härter 2K Acryl LBrandneuCHF 20,58  CHF 82,32 pro l(CHF 82,32/l)Sofort-Kaufen+CHF 27,25 Versandaus Deutschland
A0nzeiXPMgeEUYJH43KAutolack Spraydose Fiat 589 Oro Metallic Basislack Sprühdose 400mlBrandneuCHF 15,21  CHF 38,03 pro l(CHF 38,03/l)Sofort-Kaufen+CHF 27,25 Versandaus Deutschland
TJAQ6nze6iNgJX6eIKResults Pagination - Page 112345678910Artikel pro Seite5025Artikel pro Seite100Artikel pro Seite200Artikel pro Seite
Zusätzliches NavigationsmenüÜber eBayeBay NewsCommunitySicherheitsportalProbleme klärenZum ersten Mal verkaufenGrundsätzeHilfe & KontaktÜbersichtCopyright © 1995–2021 eBay Inc. Alle Rechte vorbehalten. eBay-AGB, Datenschutzerklärung, Erklärung zur Verwendung von Cookies und AdChoiceNorton Secured - powered by DigiCertText in Kursivschrift bezieht sich auf Artikel, die in anderen Währungen als Swiss francs eingestellt sind und stellen ungefähre Umrechnungen in Swiss francs dar, die auf den von Bloomberg bereitgestellten Wechselkursen beruhen. Um aktuelle Wechselkurse zu erfahren, verwenden Sie bitte unseren Universeller WährungsrechnerDiese Seite wurde zuletzt aktualisiert am: 08-Jun 04:31. Anzahl der Gebote und Gebotsbeträge entsprechen nicht unbedingt dem aktuellen Stand. Angaben zu den internationalen Versandoptionen und -kosten finden Sie auf der jeweiligen Artikelseite.