URL: https://www.ebay.ch/b/Baustoffe-Holz-fur-Heimwerker/30517/bn_1845132
Title: Baustoffe & Holz für Heimwerker günstig kaufen | eBay
Description: ✅ Top-Angebote für Baustoffe & Holz für Heimwerker online entdecken bei eBay. Top Marken ✅ Günstige Preise ✅ Große Auswahl ✅

Hauptinhalt anzeigenStöbern in KategorienStöbern in KategorienGeben Sie Ihren Suchbegriff ein Baustoffe & Holz└ HeimwerkerAlle KategorienAntiquitäten & Kunst Auto & Motorrad Auto & Motorrad Baby Bastel- & Künstlerbedarf Beauty & Gesundheit Briefmarken Bücher & Zeitschriften Büro & Schreibwaren Business & Industrie Computer, Tablets & Netzwerk Feinschmecker Filme & Serien Foto & Camcorder Garten & Terrasse Handys & Kommunikation Haushaltsgeräte Haustierbedarf Heimwerker Kleidung & Accessoires Modellbau Möbel & Wohnen Münzen Musik Musikinstrumente PC- & Videospiele Reisen Sammeln & Seltenes Spielzeug Sport Tickets TV, Video & Audio Uhren & Schmuck VerschiedenesErweitertHallo (Einloggen zum Bieten oder Kaufen) Hilfe & Kontakt VerkaufenMein eBayMein eBay einblenden Zusammenfassung Zuletzt angesehen Gebote/Preisvorschläge Beobachtungsliste Kaufen - Übersicht Verkaufen - Übersicht Gespeicherte Suchen Gespeicherte Verkäufer NachrichtenBenachrichtigung
There seems to be a problem serving the request at this timeSie befinden sich hiereBayHeimwerkerBaustoffe & Holz für HeimwerkerWeiter zur SeitennavigationFilternBaustoffe & Holz für HeimwerkerSide Refine PanelStöbern in KategorienHeimwerkerBaustoffe & HolzBauschaumDachziegel & DachverkleidungDämmungDichtmaterialienFlüssigreinigerHolz & HolzwerkstoffeKleber & LeimeMauersteine & BetonblöckeMörtel, Putz, Zement & GipsTrockenausbauWandverkleidung, Leisten & AußenverkleidungMarkeAlle ansehenMAPEIMirkaMilwaukeeFestoolFischerArtikelzustandAlle ansehenNeuNeu: Sonstige (siehe Artikelbeschreibung)Vom Verkäufer generalüberholtGebrauchtAls Ersatzteil / defektKeine AngabePreisUnter SFr. 13.00SFr. 13.00 bis SFr. 65.00Über SFr. 65.00Bitte geben Sie eine gültige Preisspanne einSFr.-SFr.AngebotsformatAlle ansehenAlleAuktionSofort-KaufenInserateArtikelstandortAlle ansehenStandardInnerhalb2 km5 km10 km15 km20 km50 km75 km100 km150 km200 km500 km750 km1000 km1500 km2000 kmvonLosSchweizEuropäische UnionKontinentaleuropaWeltweitLieferoptionenAlle ansehenKostenloser VersandClick & CollectNur anzeigenAlle ansehenRücknahme akzeptiertBeendete AngeboteVerkaufte ArtikelAutorisierter HändlerWeitere SuchfilterWeitere Suchfilter...Auswählen nach: KategorieFolie {CURRENT_SLIDE} von {TOTAL_SLIDES} - Auswählen nach: KategorieZur vorigen Folie - Auswählen nach: KategorieHolz & HolzwerkstoffeDachziegel & DachverkleidungDichtmaterialienKleber & LeimeDämmungWandverkleidung, Leisten & AußenverkleidungMörtel, Putz, Zement & GipsTrockenausbauMauersteine & BetonblöckeBauschaumFlüssigreinigerZur nächsten Folie - Auswählen nach: KategorieAuswählen nach: MarkeFolie {CURRENT_SLIDE} von {TOTAL_SLIDES} - Auswählen nach: MarkeZur vorigen Folie - Auswählen nach: MarkeFischerMAPEItesaSilverlineZur nächsten Folie - Auswählen nach: MarkeAlleAuktionSofort-KaufenSortieren:Beste ErgebnisseBeste ErgebnisseBald endende Angebote zuerstNeu eingestellte Angebote zuerstNiedrigster Preis inkl. Versand zuerstHöchster Preis inkl. Versand zuerstEntfernung zum ArtikelstandortAnzeigen:GalerieansichtListenansicht1-48 von 33'017 ErgebnissenGesponsert6x Ceresit F101 Sanitärsilikon Grau 300mlCHF 21,88(CHF 12,16/l)CHF 13,02 VersandGesponsert3x Ceresit F101 Sanitärsilikon Weiss 300mlCHF 16,41(CHF 18,23/l)CHF 13,02 Versand161 verkauftGesponsertSprühflasche Silikon Glättmittel greenteQ 1 LiterCHF 10,51(CHF 10,51/L)CHF 31,74 VersandGesponsert3x Ceresit Sanitärsilikon F101 Silvergrey 300mlCHF 16,41(CHF 0,02/100ml)CHF 13,02 VersandFugensanierfarbe 500 g Anthrazit Fugenfarbe Fugensanierungsfarbe FugenmörtelCHF 30,19(CHF 60,38/kg)CHF 15,87 VersandGesponsertDer Bautec Styroporschneider "Gazelle" 200Watt, 5xDrähte StyroporschneidegerätCHF 53,63 bis CHF 305,35(CHF 217,80/Einheit)CHF 15,32 Versand106 verkauftOstindischer Palisander Sheesham Holz 93x13/17cm 49/51mmCHF 84,92CHF 23,97 VersandFugensanierfarbe 500 g Schwarz Fugenfarbe Fugensanierungsfarbe FugenmörtelCHF 30,19(CHF 60,38/kg)CHF 15,87 VersandFugensanierfarbe 500 g Manhattan Fugenfarbe Fugensanierungsfarbe FugenmörtelCHF 30,19(CHF 60,38/kg)CHF 15,87 VersandFugensanierfarbe 500 g Perlgrau Fugenfarbe Fugensanierungsfarbe FugenmörtelCHF 30,19(CHF 60,38/kg)CHF 15,87 VersandFugensanierfarbe 500g Silbergrau Fugenfarbe Fugensanierungsfarbe FugenmörtelCHF 30,19(CHF 60,38/kg)CHF 15,87 VersandFugensanierfarbe 500 g Bahamabeige Fugenfarbe Fugenfrisch FugenmörtelCHF 30,19(CHF 60,38/kg)CHF 15,87 VersandFugensanierfarbe 500 g Topas Fugenfarbe Fugensanierungsfarbe FugenmörtelCHF 30,19(CHF 60,38/kg)CHF 15,87 Versand12x Trapezblech Profilblech Dachblech Wellblech Dachpaneele AnthrazitCHF 62,33(CHF 8,90/m²)CHF 13,12 Versand4'911 verkauftGesponsertDer TECHWORK Styroporschneider "Gazelle" 200Watt, 5xDrähte StyroporschneidegerätCHF 53,63 bis CHF 305,35(CHF 206,85/Einheit)CHF 15,32 Versand1'042 verkauftGesponsert6x Loctite Universal Super Sekundenkleber 3g Metall, Porzellan, Gummi, Holz uvm.CHF 32,82(CHF 1,82/g)CHF 13,02 VersandGesponsert12x Loctite Universal Super Sekundenkleber 3g Metall, Porzellan, Gummi, Holz uvmCHF 49,24(CHF 1,37/g)CHF 13,02 VersandFugensanierfarbe 500 g Hellgrau Fugenfarbe Fugensanierungsfarbe FugenmörtelCHF 28,75(CHF 57,50/kg)CHF 15,87 VersandFugensanierfarbe 500 g Mittelbraun Fugenfarbe Fugenfrisch FugenmörtelCHF 30,19(CHF 60,38/kg)CHF 15,87 VersandFugensanierfarbe 500g Zementgrau Fugenfarbe Fugensanierungsfarbe FugenmörtelCHF 30,19(CHF 60,38/kg)CHF 15,87 VersandFugensanierfarbe 500 g Pergamon Fugenfarbe Fugensanierungsfarbe FugenmörtelCHF 30,19(CHF 60,38/kg)CHF 15,87 VersandFugensanierfarbe 500 g Weiß Fugenfarbe Fugensanierungsfarbe FugenmörtelCHF 30,19(CHF 60,38/kg)CHF 15,87 VersandFugensanierfarbe 500 g Basalt Fugenfarbe Fugensanierungsfarbe FugenmörtelCHF 30,19(CHF 60,38/kg)CHF 15,87 VersandFugensanierfarbe 500 g Lichtgrau Fugenfarbe Fugensanierungsfarbe FugenfrischCHF 36,26(CHF 72,52/kg)CHF 15,87 VersandLOCTITE® SF 7061 lösungsmittelhaltiger Universalreiniger Entfetter 400 mlCHF 12,59CHF 29,44 VersandLOCTITE® SF 7039 Kontaktreiniger Kontaktspray Cleaner 400 ml CHF 26,04CHF 29,44 Versand100m F160 Drainagefilterschlauch Drainagevlies für Drainagerohr DN160CHF 123,56(CHF 1,24/m)CHF 38,20 Versandoder PreisvorschlagLOCTITE® 8105 Lebensmittelfett 400 ml
Kartusche NSF Kugellager FettCHF 23,53CHF 29,44 VersandFugensanierfarbe 500 g Dunkelbraun Fugenfarbe Fugenfrisch FugenmörtelCHF 30,19(CHF 60,38/kg)CHF 15,87 VersandOriginal Loctite 401 50 g MHD 11/22 Sekundenkleber NEU! Mit 10 Dosierspitzen!CHF 31,74CHF 4,38 Versandoder PreisvorschlagSteinreiniger Platten Außen Reiniger selbsttätig 1000 ml + 2000 ml = 3 LiterCHF 25,44(CHF 8,48/L)CHF 10,84 VersandFugensanierfarbe 500 g Anemone Fugenfarbe Fugensanierungsfarbe FugenmörtelCHF 30,19(CHF 60,38/kg)CHF 15,87 VersandFugensanierfarbe 500 g Jurabeige Fugenfarbe Fugensanierungsfarbe FugenmörtelCHF 30,19(CHF 60,38/kg)CHF 15,87 VersandLOCTITE 454
Universal Gel Sofortklebstoff 3g 195906 Sekundenkleber KleberCHF 9,32(CHF 3.106,67/kg)CHF 19,77 Versand12 verkauftFugensanierfarbe 500 g Jasmin Fugenfarbe Fugensanierungsfarbe FugenmörtelCHF 30,19(CHF 60,38/kg)CHF 15,87 Versand10ml - Loctite 222 niedrigfest Schraubensicherung ThreadlockerCHF 13,68CHF 8,21 Versand200 verkauftFugensanierfarbe 500 g Sandgrau Fugenfarbe Fugensanierungsfarbe FugenfrischCHF 30,19(CHF 60,38/kg)CHF 15,87 Versand400ml - LOCTITE® SF 7063 Cleaner Spraydose Universalreiniger AllzweckreinigerCHF 13,84CHF 29,44 Versand347 verkauftGesponsert12x Loctite Glass Sekundenkleber 3g Super Glue 3 schnellkleber wasserfestCHF 76,60(CHF 25,53/g)CHF 13,02 VersandGesponsertDichtband
Abdichtband Innen Außenecken Abdichtung Bad Dusche Profiware Nr17CHF 1,60 bis CHF 51,35(CHF 37,17/m)CHF 27,36 Versand2 x LOCTITE 454 Universal Gel Klebstoff 3g195906 Sekundenkleber SofortklebstoffCHF 16,58(CHF 2.763,33/kg)CHF 19,77 VersandNur noch 1 verfügbar!PCI Saniment® 2 in 1 Sanierputzmörtel für feuchte- und salzbelastete UntergründeCHF 50,15(CHF 2,01/kg)CHF 15,87 Versand400 ml - Loctite LB 8005 Keilriemenspray Spraydose Belt Dressing CHF 13,57CHF 29,44 Versand150ml - LOCTITE® SF 7063 Cleaner Spraydose Universalreiniger AllzweckreinigerCHF 6,50CHF 29,44 VersandLoctite 406 Sofortklebstoff für Wellendichtringe und O-Ringe SekundenkleberCHF 21,34CHF 8,21 Versand114 verkauftLoctite 401 20g MHD 09/22 keine China Ware Sofortkleber . Mit 10 Dosierspitzen CHF 19,48CHF 4,38 Versandoder PreisvorschlagPetec Speedbond Hochleistungsklebstoff tranparent 20g 93550 Set FillerCHF 16,67(CHF 833,50/kg)CHF 4,05 VersandNur noch 2LOCTITE® SF 7200 Kleb- & Dichtstoffentferner 400 ml Spraydose mit SprühkopfCHF 17,40CHF 29,44 Versand79 verkauftSeitennummerierung - Seite 112345678910
Zusätzliches NavigationsmenüÜber eBayeBay NewsCommunitySicherheitsportalProbleme klärenZum ersten Mal verkaufenGrundsätzeHilfe & KontaktÜbersichtCopyright © 1995–2021 eBay Inc. Alle Rechte vorbehalten. eBay-AGB, Datenschutzerklärung, Erklärung zur Verwendung von Cookies und AdChoiceNorton Secured - powered by DigiCert