URL: https://www.ebay.ch/b/Blumen/159406/bn_12686578
Title: Blumen günstig kaufen | eBay
Description: ✅ Top-Angebote für Blumen online entdecken bei eBay. Top Marken ✅ Günstige Preise ✅ Große Auswahl ✅

Hauptinhalt anzeigenStöbern in KategorienStöbern in KategorienGeben Sie Ihren Suchbegriff ein Erde & Zusatzstoffe└ Pflanzenpflege, Boden & Zubehör└ Garten & TerrasseAlle KategorienAntiquitäten & Kunst Auto & Motorrad Auto & Motorrad Baby Bastel- & Künstlerbedarf Beauty & Gesundheit Briefmarken Bücher & Zeitschriften Büro & Schreibwaren Business & Industrie Computer, Tablets & Netzwerk Feinschmecker Filme & Serien Foto & Camcorder Garten & Terrasse Handys & Kommunikation Haushaltsgeräte Haustierbedarf Heimwerker Kleidung & Accessoires Modellbau Möbel & Wohnen Münzen Musik Musikinstrumente PC- & Videospiele Reisen Sammeln & Seltenes Spielzeug Sport Tickets TV, Video & Audio Uhren & Schmuck VerschiedenesErweitertHallo (Einloggen zum Bieten oder Kaufen) Hilfe & Kontakt VerkaufenMein eBayMein eBay einblenden Zusammenfassung Zuletzt angesehen Gebote/Preisvorschläge Beobachtungsliste Kaufen - Übersicht Verkaufen - Übersicht Gespeicherte Suchen Gespeicherte Verkäufer NachrichtenBenachrichtigung
There seems to be a problem serving the request at this timeSie befinden sich hiereBayGarten & TerrassePflanzenpflege, Boden & ZubehörErde & ZusatzstoffeBlumenWeiter zur SeitennavigationFiltern (1)BlumenSide Refine PanelStöbern in KategorienPflanzenpflege, Boden & ZubehörErde & ZusatzstoffeAnzuchtzubehörDüngerFeuchtemessgeräte & pH-MeterFrostschutzGartensprühgeräteHaken & HalterungenKörbe, Blumentöpfe, -kästen & UntersetzerMulchPflanzenbinder & -stützenPflanzenetikettenPflanzgefäß-BewässerungshilfenPflanzgefäßeinlagenSaat- & Anzuchttöpfe & -plattenSonstigeVerpackungAlle ansehenSackBeutelKartonEimerFlascheProduktartAlle ansehenUniversalerdeAnzuchterdeBodenzusatzHumusMutterbodenGeeignete PflanzenartAlle ansehenBlumeFilter AppliedpH-WertAlle ansehenMaterialformAlle ansehenMaterialbasisAlle ansehenMarkeAlle ansehenArtikelzustandAlle ansehenNeuNeu: Sonstige (siehe Artikelbeschreibung)PreisUnter SFr. 13.00SFr. 13.00 bis SFr. 30.00Über SFr. 30.00Bitte geben Sie eine gültige Preisspanne einSFr.-SFr.AngebotsformatAlle ansehenAlleAuktionSofort-KaufenInserateArtikelstandortAlle ansehenStandardInnerhalb2 km5 km10 km15 km20 km50 km75 km100 km150 km200 km500 km750 km1000 km1500 km2000 kmvonLosSchweizEuropäische UnionKontinentaleuropaWeltweitLieferoptionenAlle ansehenKostenloser VersandClick & CollectNur anzeigenAlle ansehenRücknahme akzeptiertBeendete AngeboteVerkaufte ArtikelAutorisierter HändlerWeitere SuchfilterWeitere Suchfilter...AlleAuktionSofort-KaufenSortieren:Beste ErgebnisseBeste ErgebnisseBald endende Angebote zuerstNeu eingestellte Angebote zuerstNiedrigster Preis inkl. Versand zuerstHöchster Preis inkl. Versand zuerstEntfernung zum ArtikelstandortAnzeigen:GalerieansichtListenansicht227 ErgebnisseLibrabak Steinwollkasten • 100x15cm inkl. Ablaufröhrchen • für SteinwollmattenCHF 9,77CHF 28,27 VersandCOMPO SANA® 10 l Orchideenerde + 250 ml Orchideen Schädlings-frei AFCHF 21,72(CHF 2,12/L)CHF 10,86 VersandBiobizz 2 x 50 l Light-Mix organische Pflanzerde mit Perlite Grow BlumenerdeCHF 29,37(CHF 0,29/L)CHF 10,86 Versand1'084 verkauftWestland 3x 50l Pflanzerde No.1 England Universal Blumen Gemüse Torf WachstumCHF 40,28(CHF 0,27/L)CHF 10,86 Versand427 verkauftSeramis 30 Liter Pflanz-Granulat für Zimmerpflanzen Blumen Kakteen Wachstum TopfCHF 31,55(CHF 1,05/L)CHF 10,86 VersandNur noch 3Biologisches Fungizid Fitosporin-M Фитоспорин-M Fertilizer/Dünger PflanzenCHF 6,55CHF 4,37 VersandФитоДоктор FitoDoktor Bacillus subtilis Fertilizer/Dünger PflanzenCHF 5,46CHF 4,37 VersandPlagron 50 l Lightmix | minimal vorgedüngt | mit Perlite | Blumenerde SubstratCHF 15,82(CHF 0,32/L)CHF 10,86 Versand105 verkauftPlagron 2 x 50 l Growmix Pflanzenerde vorgedüngt mit Perlite Blumenerde SubstratCHF 33,73(CHF 0,34/L)CHF 10,86 Versand140 verkauftFrux Aussaaterde 10L - Anzuchterde Pflanzensubstrat Pikiererde
(1,05 EUR/l)CHF 11,46(CHF 1,15/l)CHF 19,54 VersandNur noch 2Westland 4 l Zimmerpflanzen Erde »Die Nummer 1 in England für den Garten«CHF 8,62(CHF 2,16/L)CHF 10,86 VersandCOMPO SANA 3 x 40 l Qualitäts-Blumenerde 50% weniger Gewicht Blüte WachstumCHF 43,56(CHF 0,36/L)CHF 10,86 Versand61 verkauftKokos Quellerde Humusziegel Anzuchterde Kokosfaser Pflanzenerde von ROMBERGCHF 9,81CHF 10,91 Versandoder Preisvorschlag118 verkauft1 Liter Orchideengranulat Orchideensubstrat Colomi Substrat, Korngröße 4-8 mmCHF 5,45(CHF 5,45/L)CHF 16,32 Versand93 verkauftCuxin DCM 5L Substrat für Orchideen Blumen Topfpflanzen Indoor Bodengrund StreuCHF 10,81(CHF 2,16/L)CHF 10,86 Versand135 verkauftBioBizz All-Mix 50 Liter, vorgedüngte Bio Pflanzerde mit Perlite BlumenerdeCHF 20,20(CHF 0,40/l)CHF 10,81 Versand1'232 verkauftNeudorff 20 l NeudoHum Tomaten- & GemüseErdeCHF 14,08(CHF 0,70/L)CHF 10,86 VersandCOMPO CACTEA® 10 l Kakteen- und Sukkulentenerde Fettpflanzen Wachstum PflegeCHF 12,99(CHF 1,30/L)CHF 10,86 Versand334 verkauft Fitosporin Фитоспорин Fertilizer/Dünger PflanzenCHF 5,46CHF 4,37 VersandEuflor 40L Plantahum Premium Nährstoffe Wachstum Gemüse Blumen Erdbeeren PflegeCHF 16,27(CHF 0,41/L)CHF 10,86 VersandEuflor 40L Bio Komposterde Nährstoffe Wachstum Gemüse Blumen Garten KübelCHF 16,27(CHF 0,41/L)CHF 10,86 Versand216 verkauftCuxin 40 l Aktiv-Erde Extra Leicht | 50% leichter Myko-Aktiv TorfreduziertCHF 19,54(CHF 0,49/L)CHF 10,86 VersandCOMPO SANA® 20 l Teicherde | Für Seerosen, Wasser- und Sumpfpflanzen GartenCHF 14,73(CHF 0,74/L)CHF 10,86 Versand452 verkauftPlagron 2 x 50 l Lightmix | minimal vorgedüngt | mit Perlite Blumenerde SubstratCHF 30,46(CHF 0,30/L)CHF 10,86 VersandSERAMIS® 2x 40L Torffreie Blumenerde Grün- Blühpflanzen Wachstum Nährstoffe BeetCHF 28,27(CHF 0,35/L)CHF 10,86 VersandWestland 50 l Pflanzerde »Die Nummer 1 für den Garten in England«CHF 16,27(CHF 0,33/L)CHF 10,86 Versand128 verkauftBiobizz 2 x 50 l Coco-Mix für HydrokulturCHF 29,37(CHF 0,29/L)CHF 10,86 Versand3,5 Liter Perlite, Substratzusatz und Anzuchterde für optimales Wurzelwachstum !CHF 3,81(CHF 1,09/L)CHF 8,73 Versand703 verkauftSERAMIS® 12,5L Pflanz-Granulat für Beet-, Balkon- & Kübelpflanzen Wachstum Topf CHF 21,72(CHF 1,74/L)CHF 10,86 Versand59 verkauftCOMPO CACTEA® 5 l Kakteen- und Sukkulentenerde Nährstoffe Boden TopfCHF 10,81(CHF 2,16/L)CHF 10,86 Versand62 verkauftCOMPO SANA® 20L Grünpflanzen und Palmenerde Nährstoffe Topf Wachstum Pflege BeetCHF 13,54(CHF 0,68/L)CHF 10,86 Versand640 verkauftBiobizz 50 l All-Mix Pflanzenerde Pflanzsubstrat Grow Erde IndoorCHF 20,69(CHF 0,41/L)CHF 10,86 Versand167 verkauftUGro Plug 24er • Cocos Quelltabletten • Kokosfaser Kokos Substrat KokosziegelCHF 5,40(CHF 0,23/Stk)CHF 28,27 VersandCuxin DCM 20 l Aktiv-Erde Rhododendren & HortensienCHF 12,99(CHF 0,65/L)CHF 10,86 VersandBlumenbeet Wasserspeicher Torfersatz aus Moos Blumenerde Auflockerung GartenCHF 9,77(CHF 7,82/100 g)CHF 10,81 VersandCanna Terra Professional Plus 50L, Pflanzenerde, Substrat
(0,48 EUR/l)CHF 26,09(CHF 0,52/l)CHF 30,46 VersandCOMPO SANA 40 l Qualitäts-Blumenerde 50% weniger Gewicht Blüte blühen WachstumCHF 17,36(CHF 0,43/L)CHF 10,86 Versand57 verkauftSERAMIS® 12,5 l Torffreie, leichte Blumenerde Topf Pflanzen Beet BlumenkastenCHF 10,81(CHF 0,86/L)CHF 10,86 Versand65 verkauftFloragard 60 l Bio-Erde Vielseitig! in umweltfreundlicher Box Vegan TorffreiCHF 29,37(CHF 0,49/L)CHF 10,86 VersandWestland 2x 50l Pflanzerde »Die Nummer 1 in England« Wachstum Gemüse Blumen BeetCHF 28,27(CHF 0,28/L)CHF 10,86 Versand286 verkauftPlagron Seeding & Cutting Anzuchterde 25 Liter, Pikiererde leicht gedüngtCHF 16,32(CHF 0,65/l)CHF 10,81 VersandFloragard 25 l Bio-Erde Vielseitig! Vegan Torffrei Wachstum Pflege PflanzeCHF 16,27(CHF 0,65/L)CHF 10,86 VersandBioBizz All-Mix 20 Liter,vorgedüngt
organische Pflanzenerde mit PerliteCHF 12,37(CHF 0,62/l)CHF 10,81 Versand232 verkauftCOMPO SANA® 2x 20L Grünpflanzen- und Palmenerde Wachstum Kübel Nährstoffe TopfCHF 25,00(CHF 0,63/L)CHF 10,86 Versand74 verkauftCOMPO SANA® 5 l Orchideenerde Wachstum Topfpflanzen Pflege Blumen BodenCHF 10,36(CHF 2,07/L)CHF 10,86 Versand123 verkauftBonsai 20 L Maxit/Fibotherm 1-5 mm Walter Pall Ahorn Kiefer Buche Wacholder ulmeCHF 16,36(CHF 0,82/L)CHF 38,28 Versand227 verkauftFloragard 10 l Bio-Erde Vielseitig! Vegan Torffrei Wachstum Pflege PflanzeCHF 11,90(CHF 1,19/L)CHF 10,86 VersandBioBizz Worm Humus 40L Wurmhumus Pflanzenerde Bio Grow (0,50 EUR/l)CHF 21,72(CHF 0,54/l)CHF 34,82 Versand38 verkauftSeitennummerierung - Seite 112345
Blumenerde für Ihren Garten oder die Blumenkübel auswählenDie Tätigkeit im Garten gehört bei vielen Menschen zu den liebsten Hobbys. Da wird zum Beispiel Gemüse angebaut, Blumen werden gepflegt oder besonders schöne Pflanzen gezüchtet. Und bei diesem Hobby ist der richtige Untergrund von großer Bedeutung. Daher sollten Sie sich mit hochwertiger Blumenerde und Pflanzerde für Ihren Garten ausstatten. Diese kommt beim Pflanzen von Gewächsen zum Einsatz und kann auch beim Umtopfen genutzt werden.Wo können Sie Blumenerde verwenden?Die Blumenerde können Sie in verschiedenen Bereichen anwenden. So eignet sich Blumenerde natürlich für die Gartenpflanzen im Beet und für Pflanzkörbe, Blumentöpfe & -kästen auf der heimischen Terrasse. Aber auch für Blumen und Pflanzen auf dem Balkon ist Blumenerde geeignet. Und sogar für diverse Topfgewächse in den Innenräumen lässt sich Blumenerde verwenden. Sie sorgt für ein gutes Wachstum und reiche Blütenfülle.Wodurch zeichnet sich hochwertige Blumenerde aus?Hochwertige Blumenerde ist oft leicht vorgedüngt. Damit können Sie Ihre Pflanzen mitunter bis zu zwei Monate lang mit wichtigen Nährstoffen, die das Wachstum begünstigen, versorgen. Außerdem sind in hochwertiger Blumenerde mitunter Atmungsflocken aus natürlichem Vulkangestein zu finden. Diese sorgen dafür, dass der Boden aufgelockert wird und das Wurzelwerk der Pflanze ausreichend Luft erhält. Untergemischte Baumrindenstücke haben eine schimmelabtötende Wirkung. Sie finden die Blumenerde in verschiedenen Ausführungen: Für große Beete bieten sich Lösungen mit einer Füllmenge von siebzig Litern an, bei kleineren Beeten greifen Sie zu Blumenerde mit einer Füllmenge von zehn Litern.Welche weiteren Vorteile bietet hochwertige Blumenerde?Sie können zudem einen Kokosblock als Blumenerde nutzen: Durch Zugabe von Wasser quillt dieser auf. Dabei sind diverse Angebote komplett torffrei und ungedüngt. Das Wasserspeicherverhalten ist sehr gut, Sie müssen den Boden daher nur selten gießen. Auch zur Beetabdeckung kann diese Blumenerde genutzt werden – anstelle von Pinienrinde oder Rindenmulch. Stöbern auch Sie jetzt durch das breite Angebot und finden Sie die passende Blumenerde für Ihren Garten oder Ihre Zimmerpflanzen bei eBay.
Zusätzliches NavigationsmenüÜber eBayeBay NewsCommunitySicherheitsportalProbleme klärenZum ersten Mal verkaufenGrundsätzeHilfe & KontaktÜbersichtCopyright © 1995–2021 eBay Inc. Alle Rechte vorbehalten. eBay-AGB, Datenschutzerklärung, Erklärung zur Verwendung von Cookies und AdChoiceNorton Secured - powered by DigiCert