URL: https://www.ebay.ch/b/Lacke-Lasuren-fur-Heimwerker/259187/bn_13436068
Title: Lacke & Lasuren für Heimwerker günstig kaufen | eBay
Description: ✅ Top-Angebote für Lacke & Lasuren für Heimwerker online entdecken bei eBay. Top Marken ✅ Günstige Preise ✅ Große Auswahl ✅

Hauptinhalt anzeigenStöbern in KategorienStöbern in KategorienGeben Sie Ihren Suchbegriff ein Lacke└ Farben & Lacke für Heimwerker└ Farben, Tapeten & Zubehör└ HeimwerkerAlle KategorienAntiquitäten & Kunst Auto & Motorrad Auto & Motorrad Baby Bastel- & Künstlerbedarf Beauty & Gesundheit Briefmarken Bücher & Zeitschriften Büro & Schreibwaren Business & Industrie Computer, Tablets & Netzwerk Feinschmecker Filme & Serien Foto & Camcorder Garten & Terrasse Handys & Kommunikation Haushaltsgeräte Haustierbedarf Heimwerker Kleidung & Accessoires Modellbau Möbel & Wohnen Münzen Musik Musikinstrumente PC- & Videospiele Reisen Sammeln & Seltenes Spielzeug Sport Tickets TV, Video & Audio Uhren & Schmuck VerschiedenesErweitertHallo (Einloggen zum Bieten oder Kaufen) Hilfe & Kontakt VerkaufenMein eBayMein eBay einblenden Zusammenfassung Zuletzt angesehen Gebote/Preisvorschläge Beobachtungsliste Kaufen - Übersicht Verkaufen - Übersicht Gespeicherte Suchen Gespeicherte Verkäufer NachrichtenBenachrichtigung
There seems to be a problem serving the request at this timeSie befinden sich hiereBayHeimwerkerFarben, Tapeten & ZubehörFarben, Beizen & LackeLacke & Lasuren für HeimwerkerWeiter zur SeitennavigationFilternLacke & Lasuren für HeimwerkerSide Refine PanelStöbern in KategorienFarben, Beizen & LackeLackeAbbeizer & FarbentfernerBeizenDichtungs- & ImprägniermittelGrundierungHolzpflege, Holzversiegler & HolzölHolzwachseInnen- & AußenfarbenLasurenMöbel- & SpezialfarbenPolyurethaneSchellackeSonstigeMarkeAlle ansehenHammeriteDupli-ColorBeltonNicholsonSikkensHerstellungsland und -regionAlle ansehenDeutschlandItalienBermudaIslandFinnlandGlanzgradAlle ansehenGlänzendMattSeidenmattSatinHoher GlanzGeeignet fürAlle ansehenFarbeAlle ansehenBesonderheitenAlle ansehenBehältergrößeAlle ansehenArtikelzustandAlle ansehenNeuNeu: Sonstige (siehe Artikelbeschreibung)Vom Verkäufer generalüberholtGebrauchtKeine AngabePreisUnter SFr. 31.00Über SFr. 31.00Bitte geben Sie eine gültige Preisspanne einSFr.-SFr.AngebotsformatAlle ansehenAlleAuktionSofort-KaufenInserateArtikelstandortAlle ansehenStandardInnerhalb2 km5 km10 km15 km20 km50 km75 km100 km150 km200 km500 km750 km1000 km1500 km2000 kmvonLosSchweizEuropäische UnionKontinentaleuropaWeltweitLieferoptionenAlle ansehenKostenloser VersandClick & CollectNur anzeigenAlle ansehenRücknahme akzeptiertBeendete AngeboteVerkaufte ArtikelAutorisierter HändlerWeitere SuchfilterWeitere Suchfilter...Auswählen nach: GlanzgradFolie {CURRENT_SLIDE} von {TOTAL_SLIDES} - Auswählen nach: GlanzgradZur vorigen Folie - Auswählen nach: GlanzgradSeidenmattGlänzendMattZur nächsten Folie - Auswählen nach: GlanzgradAuswählen nach: FarbeAlle ansehen - Auswählen nach: FarbeFolie {CURRENT_SLIDE} von {TOTAL_SLIDES} - Auswählen nach: FarbeZur vorigen Folie - Auswählen nach: FarbeWeißGrauBraunSchwarzTransparentGrünRotBlauSilberBeigeGelbGoldZur nächsten Folie - Auswählen nach: FarbeAlleAuktionSofort-KaufenSortieren:Beste ErgebnisseBeste ErgebnisseBald endende Angebote zuerstNeu eingestellte Angebote zuerstNiedrigster Preis inkl. Versand zuerstHöchster Preis inkl. Versand zuerstEntfernung zum ArtikelstandortAnzeigen:GalerieansichtListenansicht1-48 von 551'819 ErgebnissenAutolack Spraydose Lancia 845A Blu Nicole Metallic Basislack Sprühdose 400mlCHF 15,25(CHF 38,13/l)CHF 27,31 VersandGesponsertHammerite ULTIMA Metallschutz Lack 750 ml Glänzend / Matt Grundierung RostschutzCHF 25,28(CHF 33,71/L)CHF 10,91 Versand53 verkauftGesponsert2K Acryl Lack Autolack 1 Liter Set RAL 1026 LEUCHTGELB glänzend incl. HärterCHF 29,50(CHF 29,50/l)CHF 27,31 Versand34 verkauftGesponsert1L Basislack Skoda LL5M Indienblau Autolack SpritzfertigCHF 41,57(CHF 41,57/l)CHF 27,31 VersandGesponsert1L Basislack Set Suzuki Motorrad 1ZV Green Blue Metallic Motorradlack SpritzfertCHF 41,57(CHF 41,57/l)CHF 27,31 VersandKluthe Holzwurmtod 2,5 L, Holzschutzmittel gegen Holzwürmer Holzschutz /#873003CHF 17,27(CHF 6,91/L)CHF 14,26 Versand1'849 verkauft(25,60€/ L)Sikkens Cetol Filter 7 plus 2,5L versch. Farben ,DickschichtlasurCHF 70,20(CHF 28,08/L)CHF 80,94 Versand368 verkauft(11,56€/ L)Xyladecor Gartenholz-Öl Natur Dunkel 2,5LCHF 31,70(CHF 12,68/L)CHF 34,44 VersandPULVERLACK Beschichtungspulver RAL3002 Karminrot Epoxid Pulverbeschichtung CHF 19,73(CHF 19,73/kg)CHF 15,34 VersandPULVERLACK Beschichtungspulver Pulverbeschichtung NCS S 3030-G30Y GrünCHF 21,93(CHF 21,93/kg)CHF 14,25 VersandPULVERLACK 1kg Beschichtungspulver Pulverbeschichtung Lackierpulver RAL9010 weißCHF 16,44(CHF 16,44/kg)CHF 14,25 VersandEpoxid PULVERLACK Beschichtungspulver Pulverbeschichtung RAL5002 blau seidenmattCHF 16,44 bis CHF 60,31(CHF 16,44/kg)CHF 15,34 VersandPULVERLACK Beschichtungspulver Pulverbeschichtung RAL4003 Erikaviolett pink lilaCHF 7,67(CHF 21,91/kg)CHF 15,34 VersandPULVERLACK 1kg Beschichtungspulver Pulverbeschichtung RAL6018 Grün AntigraffitiCHF 21,93(CHF 21,93/kg)CHF 14,25 VersandGesponsertLackstift Piaggio 333A Verde Army Opaco Mat schnelltrocknend Tupflack MotorradlaCHF 14,15(CHF 283,00/l)CHF 27,31 VersandGesponsert2,5L Basislack Autolack Set Triumph CML Vermillion Red spritzfertig mit KlarlackCHF 60,22(CHF 24,09/l)CHF 27,31 VersandGesponsert2,5L Basislack Autolack Set Seat S5Y Azul Mar Perl Metallic spritzfertig mit KlaCHF 60,22(CHF 24,09/l)CHF 27,31 VersandGesponsert2,5L Basislack Autolack Set Mercedes 662 Mountaingrau Magno Metallic spritzfertiCHF 60,22(CHF 24,09/l)CHF 27,31 VersandPULVERLACK Beschichtungspulver Pulverbeschichtung Lackierpulver RAL8022 BraunCHF 16,44 bis CHF 54,83(CHF 54,83/kg)CHF 15,34 VersandPULVERLACK Beschichtungspulver Pulverbeschichtung Lackierpulver RAL9016 weißCHF 16,44 bis CHF 54,83(CHF 54,83/kg)CHF 14,25 Versand2K PROFI-Spraydose VW-Audi LKW L52/M Schwarzblau Acryl-Einschichtlack (400ml)CHF 22,92(CHF 5,73/100 ml)CHF 16,34 VersandAutolack Spraydose Mini 902 Liquid Yellow Basislack Sprühdose 400mlCHF 15,25(CHF 38,13/l)CHF 27,31 Versand2K PROFI-Spraydose Citroen FKV Rouge Opera - Pare Chocs - Einschichtlack (400ml)CHF 22,92(CHF 5,73/100 ml)CHF 24,02 Versand2K PROFI-Spraydose Hyundai R4 Solid Dark Grey Einschichtlack (400ml)CHF 22,92(CHF 5,73/100 ml)CHF 24,02 Versand2K PROFI-Spraydose Citroen FXT Noir Mat -Pare Chocs- Einschichtlack (400ml)CHF 22,92(CHF 5,73/100 ml)CHF 24,02 Versand2K PROFI-Spray Alfa Romeo 502-1314 Rosso Corallo Chiaro 1-Schicht (400ml)CHF 22,92(CHF 5,73/100 ml)CHF 24,02 Versand500ML Basislack Audi 0H9 Inuitweiss Perl Autolack SpritzfertigCHF 32,79(CHF 65,58/l)CHF 27,31 Versand2K PROFI-Spraydose Mazda NT Vintage Red Einschichtlack (400ml)CHF 22,92(CHF 5,73/100 ml)CHF 24,02 Versand2K PROFI-Spraydose Citroen EFF Brun Hollande Einschichtlack (400ml)CHF 22,92(CHF 5,73/100 ml)CHF 24,02 Versand2K PROFI-Spraydose Mitsubishi S46/10946 European Beige Einschichtlack (400ml)CHF 22,92(CHF 5,73/100 ml)CHF 24,02 Versand2K PROFI-Spraydose Mazda DR Orion Blue Einschichtlack (400ml)CHF 22,92(CHF 5,73/100 ml)CHF 24,02 Versand2K PROFI-Spraydose Ford EU LKW JA Light French Blue Einschichtlack (400ml)CHF 22,92(CHF 5,73/100 ml)CHF 24,02 Versand2K PROFI-Spraydose Peugeot 1512 Jaune Einschichtlack (400ml)CHF 22,92(CHF 5,73/100 ml)CHF 24,02 Versand2K PROFI-Spraydose VW-Audi L69/N Sarantotuerkis Einschichtlack (400ml)CHF 22,92(CHF 5,73/100 ml)CHF 24,02 Versand2K PROFI-Spraydose Isuzu 721-R205 Torch Red Einschichtlack (400ml)CHF 22,92(CHF 5,73/100 ml)CHF 24,02 Versand2K PROFI-Spraydose Daihatsu R14 Red Einschichtlack (400ml)CHF 22,92(CHF 5,73/100 ml)CHF 24,02 Versand1L Basislack BMW A36 Titangrau 2 Metallic Autolack SpritzfertigCHF 41,57(CHF 41,57/l)CHF 27,31 Versand250ML Basislack Mercedes 5345 Bleu Jaspe Metallic Autolack SpritzfertigCHF 17,11(CHF 68,44/l)CHF 27,31 VersandGesponsertAutolack Spraydose BMW 354 TITANSILBER Metallic Sprühdose Basislack
400mlCHF 15,25CHF 27,31 VersandGesponsert2,5L Basislack Autolack Set Skoda LD7X Platinum Grey Metallic spritzfertig mit KCHF 60,22(CHF 24,09/l)CHF 27,31 Versand2K PROFI-Spraydose Renault D36 Orange Einschichtlack (400ml)CHF 22,92(CHF 5,73/100 ml)CHF 24,02 Versand2K PROFI-Spraydose BMW 024 Veronarot Einschichtlack (400ml)CHF 22,92(CHF 5,73/100 ml)CHF 24,02 Versand2K PROFI-Spraydose Toyota 8D9 Blue Einschichtlack (400ml)CHF 22,92(CHF 5,73/100 ml)CHF 24,02 Versand2K PROFI-Spraydose Suzuki Z5S Magma Red Einschichtlack (400ml)CHF 22,92(CHF 5,73/100 ml)CHF 24,02 Versand2K PROFI-Spraydose Volvo LKW 1706 Gra Matt Acryl-Einschichtlack (400ml)CHF 22,92(CHF 5,73/100 ml)CHF 24,02 Versand2K PROFI-Spraydose MAN VW LKW 2011 Tieforange Einschichtlack (400ml)CHF 22,92(CHF 5,73/100 ml)CHF 24,02 Versand2K PROFI-Spraydose Suzuki ZN9 Bright Yellow Einschichtlack (400ml)CHF 22,92(CHF 5,73/100 ml)CHF 24,02 Versand2K PROFI-Spraydose NCS 0540-R90B Light Blue Acryl-Einschichtlack (400ml)CHF 21,83(CHF 5,46/100 ml)CHF 24,02 VersandSeitennummerierung - Seite 112345678910
Lacke & Lasuren für Heimwerker – Schutz und DekorOb Küchenstuhl oder Gartenzaun – in Haus und Hof ist immer wieder etwas zu streichen. Der richtige Anstrich verleiht einen frischen, wertigen Eindruck und schützt vor Witterung, Verschleiß oder Korrosion. Erfreulicherweise zählt das Anstreichen zu den einfacheren Arbeiten, die Heimwerker leicht selbst erledigen können. Sie finden bei eBay eine große Auswahl von Lacken und Lasuren sowie Farben für Heimwerker und Farbgrundierungen.Was ist der Unterschied zwischen Farben, Lacken und Lasuren?Diese drei Typen von Farbbeschichtungen ähneln einander und gehen fließend ineinander über. Grundsätzlich bestehen sie aus den vier Bestandteilen Bindemittel, Lösemittel, Farbpigmenten und Zusatzstoffen. Lacke unterscheiden sich von Farben durch ihre höherwertigen Oberflächen, die hochglänzend oder seidenmatt sein können. In der Regel haben Lacke einen höheren Gehalt von Bindemitteln als Farben. Man unterscheidet Kunstharzlacke und Lack aus natürlichen Harzen. Lasuren haben einen geringeren Pigmentanteil als Farben und Lacke oder – bei farbloser Lasur – gar keine Pigmente. Sie werden verwendet, wenn die Struktur des Materials erkennbar bleiben soll. Diesen Effekt nutzt man gerne bei Holz, das mit Lasuren vor der Witterung geschützt wird. Aber auch Beton wird mit Lasuren versiegelt.Welche Holzlasuren gibt es?Man unterscheidet zwischen Dünnschicht- und Dickschichtlasuren. Dünnschichtlasuren dringen tief in das Holz ein, ohne eine Schicht auf dem Holz zu bilden, die abblättern kann. Weil das Holz weiterhin Feuchtigkeit aufnehmen und sich dadurch dehnen kann, ist dieses Material weniger geeignet für Holzteile wie Türen, die maßhaltig bleiben sollen. Für diese eignet sich Dickschichtlasur besser. Das bildet eine lackähnliche Schicht auf dem Holz und sickert nicht so tief ein.Welche Farblacke gibt es?Lacke eignen sich besonders, wenn gut deckende Anstriche mit kräftigen Farben gewünscht sind. Es gibt Lacke bei eBay in Gebindegrößen von 500 ml bis 10 l sowie für Innen- und Außenanwendung. Oft bieten die Händler Farbauswahl an. Sie können so den gewünschten Lack in dem Farbton bestellen, den Sie benötigen.
Zusätzliches NavigationsmenüÜber eBayeBay NewsCommunitySicherheitsportalProbleme klärenZum ersten Mal verkaufenGrundsätzeHilfe & KontaktÜbersichtCopyright © 1995–2021 eBay Inc. Alle Rechte vorbehalten. eBay-AGB, Datenschutzerklärung, Erklärung zur Verwendung von Cookies und AdChoiceNorton Secured - powered by DigiCert