URL: https://www.ebay.ch/b/Reptilien-Bodengrund/63496/bn_2397967
Title: Reptilien Bodengrund günstig kaufen | eBay
Description: ✅ Top-Angebote für Reptilien Bodengrund online entdecken bei eBay. Top Marken ✅ Günstige Preise ✅ Große Auswahl ✅

Hauptinhalt anzeigenStöbern in KategorienStöbern in KategorienGeben Sie Ihren Suchbegriff ein Reptilien Bodengrund└ Reptilienbedarf└ HaustierbedarfAlle KategorienAntiquitäten & Kunst Auto & Motorrad Auto & Motorrad Baby Bastel- & Künstlerbedarf Beauty & Gesundheit Briefmarken Bücher & Zeitschriften Büro & Schreibwaren Business & Industrie Computer, Tablets & Netzwerk Feinschmecker Filme & Serien Foto & Camcorder Garten & Terrasse Handys & Kommunikation Haushaltsgeräte Haustierbedarf Heimwerker Kleidung & Accessoires Modellbau Möbel & Wohnen Münzen Musik Musikinstrumente PC- & Videospiele Reisen Sammeln & Seltenes Spielzeug Sport Tickets TV, Video & Audio Uhren & Schmuck VerschiedenesErweitertHallo (Einloggen zum Bieten oder Kaufen) Hilfe & Kontakt VerkaufenMein eBayMein eBay einblenden Zusammenfassung Zuletzt angesehen Gebote/Preisvorschläge Beobachtungsliste Kaufen - Übersicht Verkaufen - Übersicht Gespeicherte Suchen Gespeicherte Verkäufer NachrichtenBenachrichtigung
There seems to be a problem serving the request at this timeSie befinden sich hiereBayHaustierbedarfReptilienReptilien BodengrundWeiter zur SeitennavigationFilternReptilien BodengrundSide Refine PanelStöbern in KategorienReptilienBodengrundBeleuchtungDekorationFutterHeizungLuftbefeuchterMessen & RegelnPflanzenSachbücher & RatgeberTerrarienSonstigeProduktartAlle ansehenKokoshumusTerrariensandTerrariensand-LehmgemischKeine AngabeFüllmengeAlle ansehen<1kg1-4,9kg5kg5,1-10kg10,1-25kgMarkeAlle ansehenDragonExo TerraJBLMarkenlosZoo MedArtikelzustandAlle ansehenNeuPreisUnter SFr. 13.00SFr. 13.00 bis SFr. 30.00Über SFr. 30.00Bitte geben Sie eine gültige Preisspanne einSFr.-SFr.AngebotsformatAlle ansehenAlleAuktionSofort-KaufenInserateArtikelstandortAlle ansehenStandardInnerhalb2 km5 km10 km15 km20 km50 km75 km100 km150 km200 km500 km750 km1000 km1500 km2000 kmvonLosSchweizEuropäische UnionKontinentaleuropaWeltweitLieferoptionenAlle ansehenKostenloser VersandClick & CollectNur anzeigenAlle ansehenRücknahme akzeptiertBeendete AngeboteVerkaufte ArtikelAutorisierter HändlerWeitere SuchfilterWeitere Suchfilter...Auswählen nach: MarkeAlle ansehen - Auswählen nach: MarkeFolie {CURRENT_SLIDE} von {TOTAL_SLIDES} - Auswählen nach: MarkeZur vorigen Folie - Auswählen nach: MarkeMarkenlosDragonExo TerraHobbyLucky ReptileJBLZur nächsten Folie - Auswählen nach: MarkeAuswählen nach: ProduktartFolie {CURRENT_SLIDE} von {TOTAL_SLIDES} - Auswählen nach: ProduktartZur vorigen Folie - Auswählen nach: ProduktartTerrariensandLehmpulverKokoshumusTerrariensand-LehmgemischZur nächsten Folie - Auswählen nach: ProduktartAlleAuktionSofort-KaufenSortieren:Beste ErgebnisseBeste ErgebnisseBald endende Angebote zuerstNeu eingestellte Angebote zuerstNiedrigster Preis inkl. Versand zuerstHöchster Preis inkl. Versand zuerstEntfernung zum ArtikelstandortAnzeigen:GalerieansichtListenansicht1-48 von 223 ErgebnissenGesponsert100 L (2 x 50 L) Floragard Schildkrötensubstrat Bodengrund Schildkröte TerrariumCHF 34,99(CHF 0,35/L)CHF 10,91 Versand249 verkauftSphagnum + MOOS +
LEBEND MOOS + ORCHIDEEN + TERRARIUM + ANGEBOT 1KgCHF 14,48CHF 17,44 VersandRotes+Sphagnum + MOOS +
LEBEND MOOS + ORCHIDEEN + TERRARIUM + ANGEBOT 0,5KGCHF 15,25CHF 17,44 Versand6 BeobachterAqua Della Terrariensand schwarz 5 kg, NEUCHF 4,38(CHF 0,88/kg)CHF 18,54 Versandoder PreisvorschlagGesponsertFloragard Agri Vermiculite 50 Liter Substrat Pflanzenzucht 2-3mm Bodengrund CHF 24,12(CHF 0,48/L)CHF 28,81 Versand98 verkauft40 Liter Floragard Schildkrötensubstrat 2 x 20 L Bodengrund Schildkröte TerraCHF 25,12(CHF 0,63/L)CHF 10,91 Versand250g Block Sphagnum Moos, Terrarium Moos, Terrarienmoos für Wetbox, PflanzenmoosCHF 15,89(CHF 6,36/100 g)CHF 13,15 VersandExo Terra - Qutback Rot 20Kg Stone Desert lehmhaltiger BodengrundCHF 29,60(CHF 1,48/1 kg)CHF 13,15 VersandNur noch 2500g Kokosnuss Coconut
HUSK CHIPS Terrarien Bodengrund ergibt ca. 6-7LCHF 8,22(CHF 16,44/1 kg)CHF 13,15 Versandca. 4,5kg Kokosnuss Coconut
HUSK CHIPS Terrarien Bodengrund ergibt ca. 50-70LCHF 21,93(CHF 4,87/1 kg)CHF 13,15 VersandSphagnum Moos, Terrarium Moos Terrarienmoos - Menge: 150gCHF 11,51(CHF 7,67/100 g)CHF 13,15 VersandSphagnum Moos, Terrarium Moos Terrarienmoos - Farbe: Grün - Menge: 100gCHF 10,41(CHF 10,41/100 g)CHF 13,15 VersandMoos Bodengrund Terrarien Kiste Kugelmoos Terrarium Boden Eidechsen SchlangenCHF 17,44(CHF 145,33/m²)CHF 19,63 Versand190 verkauftTerrarium Bodengrund Moos, Terrarienmoos, echtes Natur Plattmoos für TerrarienCHF 10,86(CHF 124,11/m²)CHF 19,63 Versand757 verkauftGesponsert► Aquarium Terrarium Pinzette Futterpinzette Pflanzenschere Set 30 cm Edelstahl◄CHF 21,93CHF 6,03 Versand116 verkauftGesponsertFloragard Agri Vermiculite 30 Liter Substrat Pflanzenzucht 2-3mm Reptilien Neu CHF 20,83(CHF 0,69/L)CHF 23,02 VersandGesponsertFloragard Agri Vermiculite 100 Liter Substrat Pflanzenzucht 2-3 mm ReptilienCHF 31,25(CHF 0,31/L)CHF 40,40 VersandGesponsertFloragard Schildkrötensubstrat 20 L + 5 L Pinienrinde Terrarien SchildkrötenerdeCHF 17,54(CHF 0,70/L)CHF 28,81 Versand100 verkauftTerrarienerde für Regen. Urwaldbewohner & Feuchtterrarien - 100% BIO 10LCHF 11,51(CHF 1,15/1 l)CHF 13,15 Versand69 verkauftFloragard Schildkrötensubstrat 50 Liter Bodengrund Schildkröte TerrariumCHF 19,69(CHF 0,39/L)CHF 10,91 Versand99 verkauftTerrarien Metallschaufel für Reptilienkot -
Sandsieb | KotschaufelCHF 13,15CHF 13,15 Versand67 verkauftKork Granulat aus RINDE | Terrarium Boden Grund Einstreu | mittelgrob (2-4 mm)CHF 14,20(CHF 1,42/L)CHF 9,86 VersandTropi Reptilien Bark - Naturborken Terrarieneinstreu aus Douglasienrinde 20LCHF 14,25(CHF 0,71/1 l)CHF 13,15 Versand82 verkauftExo Terra Desert Sand - WüstenterrarienBodengrund 4,5Kg - Farbe: SchwarzCHF 17,54(CHF 3,90/1 kg)CHF 13,15 VersandTropi Reptilien Bark - Naturborken Terrarieneinstreu aus Douglasienrinde 80LCHF 40,57(CHF 0,51/1 l)CHF 13,15 Versand41 verkauftTerrariensand Termite Grabfähiger lehmhaltiger Bodengrund Farbe Rot Menge: 5KgCHF 10,96(CHF 2,19/1 kg)CHF 13,15 VersandTerrarium Bodengrund Einstreu Moos wie Sphagnum für Reptilien und Amphibien CHF 9,82(CHF 78,56/kg)CHF 19,63 Versand70 verkauftMetallschaufel für Reptilienkot Kotsieb für die Terrarienreinigung !Rostfei!CHF 14,25CHF 13,15 VersandZoo Med Aspen Snake Bedding feiner Bodengrund - Menge: 8,8LCHF 12,05(CHF 1,37/1 l)CHF 13,15 VersandCoco Ground Kokosfaser-Brikett - Kokosfaser Humusziegel 6 Stück ergibt ca. 54LCHF 13,70(CHF 0,35/100 g)CHF 13,15 Versand105 verkauftArcadia EarthPro Bio Revitaliser 450gr.Bio Aktiver Pflanzendünger fürs TerrariumCHF 15,34(CHF 34,09/kg)CHF 5,47 Versand100g Block Sphagnum Moos, Terrarium Moos, Terrarienmoos, PflanzenmoosCHF 10,41(CHF 10,41/100 g)CHF 13,15 VersandTerrariensand Termite Grabfähiger lehmhaltiger Bodengrund Farbe Gelb Menge: 5KgCHF 10,96(CHF 2,19/1 kg)CHF 13,15 VersandExo Terra - Bahariya schwarz 5Kg Stone Desert lehmhaltiger Bodengrund CHF 16,44(CHF 3,29/1 kg)CHF 13,15 VersandDRAGO-LUX SUNLIGHT Metalldampflampe - Sorte: Forest (Tropen) - Watt: 50wCHF 37,28CHF 13,15 VersandExo Terra Desert Sand - WüstenterrarienBodengrund 4,5Kg - Farbe: GelbCHF 17,54(CHF 3,90/1 kg)CHF 13,15 VersandDrago Lux E27 UV Flächenstrahler mit UVA & UVB Licht - Watt: 80wCHF 34,54CHF 13,15 VersandExo Terra - Bahariya schwarz 10Kg Stone Desert lehmhaltigerBodengrundCHF 19,73(CHF 1,97/1 kg)CHF 13,15 VersandGesponsertFloragard Schildkrötensubstrat 30 L + 5 L Pinienrinde Terrarien SchildkrötenerdeCHF 19,73(CHF 0,56/L)CHF 34,60 VersandNur noch 3GesponsertExo Terra Outback Red Stone Desert 10 kg für Terrarien, UVP 18,09 EUR, NEUCHF 17,87(CHF 1,79/kg)CHF 18,54 Versandoder PreisvorschlagDragon Reptile UVB / UVA Vollspektrumlampe - Desert 13wCHF 27,41CHF 13,15 VersandExo Terra Snake Bedding / Snake Breeding Substrate - Menge: 8,8LCHF 13,15(CHF 1,49/1 l)CHF 13,15 VersandDragon CHIP Ground - Grober Kokosfasern Terrarienbodengrund ergibt 7L EinstreuCHF 8,22(CHF 1,64/100 g)CHF 13,15 VersandExo Terra - Sonoran Ocher 20Kg Stone Desert lehmhaltiger BodengrundCHF 29,60(CHF 1,48/1 kg)CHF 13,15 VersandExo Terra Desert Sand - WüstenterrarienBodengrund 4,5Kg - Farbe: RotCHF 17,54(CHF 3,90/1 kg)CHF 13,15 VersandDragon Reptile UVB / UVA Vollspektrumlampe - Forest 13wCHF 25,76CHF 13,15 VersandDragon Reptile UVB / UVA Vollspektrumlampe - Forest 26wCHF 27,96CHF 13,15 VersandDragon Reptile UVB / UVA Vollspektrumlampe - Desert 26wCHF 29,60CHF 13,15 VersandSeitennummerierung - Seite 11234
Reptilien-Bodengrund – Für ein behagliches und natürliches ReptilienheimDie Schildkröte Hugo, die Agame Elfriede oder eine Schlange namens Alfred benötigen allesamt ein auf Ihre Ansprüche abgestimmtes Terrarium. Lassen Sie Ihren exotischen Freund sich im neuen Heim einrichten und erfüllen Sie außerdem die entsprechenden Hygienebestimmungen und geltenden Artenschutzgesetze. Terrariensand 25 Kilogramm und Holzspäne sowie Äste können Sie günstig und unkompliziert bei eBay kaufen. Denn wenn sich Ihr Reptilienfreund so richtig wohlfühlt, haben auch Sie mehr Freude an ihm.Was macht guten Sand für das Terrarium aus?Das wichtigste Merkmal eines geeigneten Sandes für das Terrarium ist sein möglichst reales Abbild zur Heimat des Tieres. Reptilien kommen ursprünglich aus ganz verschiedenen Gebieten der Erde. Dabei stehen glatter Meersand, kieselartiger Sand von den Dürrearealen oder Grobsand aus dem Dschungel im Angebot. Suchen Sie dementsprechend beim Bodengrund die entsprechende Körnung heraus. Decken Sie sich folgerichtig nun mit Terrariensand 25 Kilogramm oder noch etwas Vorrat ein. Dies hängt natürlich vom Tier und der Größe des Geheges ab. Informieren Sie sich über die benötigte Dicke des Bodenmaterials. Mitunter gehört es zu den Instinkten der Tiere, sich als Schutz- oder Lauerstrategie einzugraben. Außerdem spielt hier auch das Beutezugverhalten eine Rolle – lebendiges Reptilienfutter möchte doch als Anreiz auch erbeutet werden.Welche Gedanken sind beim Kauf des Sandes relevant?Der Sand für das Gehege Ihres Reptils ist wichtig, aber auch nur ein Bestandteil Ihres Terrariums. Das Spektrum des Lebensraumes Ihres exotischen Tieres sollte vielfältig abgedeckt sein. Daher stehen auch Pflanzen im Fokus eines hervorragenden Domizils für die Reptilienhaltung. Allerdings ist hier zu beachten, dass es Pflanzenarten gibt, die nur unter bestimmten Sandbedingungen überleben können. Mitunter ziehen diese Gewächse wertvolle Substanzen aus dem Boden. Die Eigenschaften des Sandes können dann verändert werden – im schlechten Fall nachteilig für das Reptil. Hier können Sie alternativ mit einer Erneuerung des Bodenmaterials entgegenwirken – Terrariensand 25 Kilogramm gibt es jederzeit zu kaufen. Naturidentische Substrate fördern mitunter sogar die Eiablage und das Graben.
Zusätzliches NavigationsmenüÜber eBayeBay NewsCommunitySicherheitsportalProbleme klärenZum ersten Mal verkaufenGrundsätzeHilfe & KontaktÜbersichtCopyright © 1995–2021 eBay Inc. Alle Rechte vorbehalten. eBay-AGB, Datenschutzerklärung, Erklärung zur Verwendung von Cookies und AdChoiceNorton Secured - powered by DigiCert