URL: https://www.ebay.ch/b/Spirituosen-Reklame-Werbung-fur-Sammler/8739/bn_16581089
Title: Spirituosen-Reklame & -Werbung für Sammler günstig kaufen | eBay
Description: ✅ Top-Angebote für Spirituosen-Reklame & -Werbung für Sammler online entdecken bei eBay. Top Marken ✅ Günstige Preise ✅ Große Auswahl ✅

Hauptinhalt anzeigenStöbern in KategorienStöbern in KategorienGeben Sie Ihren Suchbegriff ein Spirituosen└ Bar & Spirituosen└ Reklame & Werbung└ Sammeln & SeltenesAlle KategorienAntiquitäten & Kunst Auto & Motorrad Auto & Motorrad Baby Bastel- & Künstlerbedarf Beauty & Gesundheit Briefmarken Bücher & Zeitschriften Büro & Schreibwaren Business & Industrie Computer, Tablets & Netzwerk Feinschmecker Filme & Serien Foto & Camcorder Garten & Terrasse Handys & Kommunikation Haushaltsgeräte Haustierbedarf Heimwerker Kleidung & Accessoires Modellbau Möbel & Wohnen Münzen Musik Musikinstrumente PC- & Videospiele Reisen Sammeln & Seltenes Spielzeug Sport Tickets TV, Video & Audio Uhren & Schmuck VerschiedenesErweitertHallo (Einloggen zum Bieten oder Kaufen) Hilfe & Kontakt VerkaufenMein eBayMein eBay einblenden Zusammenfassung Zuletzt angesehen Gebote/Preisvorschläge Beobachtungsliste Kaufen - Übersicht Verkaufen - Übersicht Gespeicherte Suchen Gespeicherte Verkäufer NachrichtenBenachrichtigung
There seems to be a problem serving the request at this timeSie befinden sich hiereBaySammeln & SeltenesReklame & WerbungBar & SpirituosenSpirituosen-Reklame & -Werbung für SammlerWeiter zur SeitennavigationFilternSpirituosen-Reklame & -Werbung für SammlerSide Refine PanelStöbern in KategorienBar & SpirituosenSpirituosenAusgießerFlaschenGläserKrügeKorkenzieherShakerSpiegelWhiskyZierkorkenSonstigeAuswählen nach: MarkeFolie {CURRENT_SLIDE} von {TOTAL_SLIDES} - Auswählen nach: MarkeZur vorigen Folie - Auswählen nach: MarkeUnderbergJack DanielsAbsolutMarkenlosZur nächsten Folie - Auswählen nach: MarkeAlleAuktionSofort-KaufenSortieren:Beste ErgebnisseBeste ErgebnisseBald endende Angebote zuerstNeu eingestellte Angebote zuerstNiedrigster Preis inkl. Versand zuerstHöchster Preis inkl. Versand zuerstEntfernung zum ArtikelstandortAnzeigen:GalerieansichtListenansicht758 ErgebnisseMarkeAbsolutJack DanielsAlle ansehenArtikelzustandPreisAngebotsformatAlle FilterBrandy Veterano Osborne 38 % 40 ml mini flasche bottle miniature LUEBECK SpainCHF 11,81(CHF 295,25/L)CHF 10,21 VersandFleischmann´s Vodka 80 PROOF 1/10 pint mini flasche bottle miniature NYCHF 24,72(CHF 521,96/L)CHF 10,21 VersandRum Captain Morgan spiced PET 50 ml 35 % mini flasche bottle miniature NORWALKCHF 26,86(CHF 537,20/L)CHF 10,21 VersandDON PEDRO BRANDY 50 ml 38% vol mini flasche bottle miniature bottela RAR MEXICOCHF 20,41(CHF 408,20/L)CHF 9,13 VersandLiviko Gin KIRGAS 50 ml 38% vol mini flasche bottle miniature bottela ESTONIACHF 21,48(CHF 429,60/L)CHF 10,21 VersandLegend of Kremlin Vodka 50 ml 40 % mini flasche miniature bottle RUSSIANCHF 21,48(CHF 429,60/L)CHF 10,21 VersandTEQUILA Palapa Plata 50 ml 38 % mini flasche bottle miniature bottelaCHF 16,12(CHF 322,40/L)CHF 10,21 Versand Vodka Minskaya 0,05 l 40% mini flasche bottle miniature bottela BELARUSIANCHF 15,03(CHF 300,60/L)CHF 9,13 VersandDoornkaat
40 ml 38% mini flasche bottle miniature NORDEN 165 JAHRECHF 13,97(CHF 349,25/L)CHF 9,13 VersandTEQUILA Palapa Anejo 50 ml 38 % mini flasche bottle miniature bottelaCHF 16,11(CHF 322,20/L)CHF 10,21 VersandRum RON ANEJO BRUGAL 38 % 50 ml mini flasche bottle miniature DOMINICANACHF 13,96(CHF 279,20/L)CHF 10,21 VersandBrandy Veterano Osborne 38 % 40 ml mini flasche bottle miniature LUEBECKCHF 10,74(CHF 268,50/L)CHF 9,13 Versand Aquavit Bommerlunder 40 ml 38% mini flasche bottle miniature FlensburgCHF 12,89(CHF 322,25/L)CHF 10,21 VersandXANTE Liqueur 30 ml 38 % mini flasche bottle miniature SWEDENCHF 10,74(CHF 358,00/L)CHF 10,21 Versand Aquavit Bommerlunder 20 ml 38% mini flasche bottle miniature FlensburgCHF 10,74(CHF 537,00/L)CHF 10,21 VersandUerdinger
Melcher 40 ml 38% mini flasche bottle miniature bottela CHF 10,74(CHF 268,50/L)CHF 10,21 VersandKräuterlikör Suhler Weinkeller 38 % 50 ml mini flasche bottle miniature CHF 25,78(CHF 515,60/L)CHF 9,13 VersandBECHEROVKA KARLSBADR Liqueur 40 ml 38% mini flasche bottle miniature DeutschesCHF 18,26(CHF 456,50/L)CHF 9,13 VersandAsbach Uralt Marke 40 ml 38 % mini flasche bottle miniature bottela old 017401CHF 12,90(CHF 322,50/L)CHF 9,13 VersandAsbach Uralt Marke 40 ml 38 % mini flasche bottle miniature bottela old 018301CHF 11,82(CHF 295,50/L)CHF 9,13 VersandDON PEDRO BRANDY 50 ml 38% vol mini flasche bottle miniature bottela MEXICOCHF 19,33(CHF 386,60/L)CHF 10,21 VersandAsbach Uralt Marke 40 ml 38 % mini flasche bottle miniature bottela old 01800CHF 11,81(CHF 295,25/L)CHF 9,13 VersandAsbach Uralt Marke 40 ml 38 % mini flasche bottle miniature bottela old 017401CHF 13,96(CHF 349,00/L)CHF 9,13 VersandDoornkaat
40 ml 38% mini flasche bottle miniature NORDEN 175 JAHRECHF 12,90(CHF 322,50/L)CHF 9,13 VersandDoornkaat
40 ml 38% mini flasche bottle miniature NORDEN OSTFRIESLANDCHF 13,97(CHF 349,25/L)CHF 9,13 VersandBauern Adel 40 ml 38% mini flasche bottle miniature STEINHÄGER GermanyCHF 10,74(CHF 268,50/L)CHF 10,21 VersandDoornkaat
40 ml 38% mini flasche bottle miniature NORDEN CHF 10,74(CHF 268,50/L)CHF 9,13 VersandSparagel Tröpfle 33 ml 38% vol mini flasche bottle miniature bottela GERMANYCHF 9,66(CHF 292,73/L)CHF 9,13 VersandLiqueur Halbbitter Kräuter 50 ml 38 % mini flasche bottle miniature GermanyCHF 10,74(CHF 214,80/L)CHF 9,13 VersandVollbier Franz-Joseph Jubelbier abergärig mit Verschluss 5,5% 0,5L MARKTOBERDORFCHF 130,03(CHF 260,06/L)CHF 20,42 VersandJÄGERMEISTER BLECHSCHILD , DEALER im KNAST - MÄDCHEN mit PRÄGUNG 20 x 30CHF 10,69CHF 4,30 VersandOuzo Minoan ISLAND 40 ml 38%
mini flasche bottle miniature bottela CHF 7,51(CHF 187,75/L)CHF 9,13 VersandBrand Williams Christ 40 ml
38% mini flasche bottle miniature bottela GERMANYCHF 5,36(CHF 134,00/L)CHF 9,13 VersandSpargel Tröpfle 38 % vol
33 ml mini flasche bottle miniature GERMANY CHF 6,44(CHF 195,15/L)CHF 9,13 VersandISTRA Vinjak Premier 50 ml mini flasche bottle miniature bottela old YugoslaviaCHF 20,42(CHF 408,40/L)CHF 9,13 VersandNikita
Wodka 40 ml 40% mini flasche bottle miniature bottela GERMANY v1CHF 9,55(CHF 238,75/L)CHF 9,13 VersandBrandy ST REMY XO Authentic 40 % 5 cl mini flasche bottle miniature FRANCECHF 12,35(CHF 247,00/L)CHF 9,13 VersandSET TEQUILA SIERRA CAFE
2 x 4 cl mini flasche bottle miniature bottela CHF 9,66(CHF 120,75/L)CHF 9,13 VersandRum DON PAPA SEVILLANA CASK FINISH
40 % 700 ml
Philippine CHF 483,61(CHF 690,87/L)CHF 20,42 VersandMonkey 47 "The Becher" - original Schwarzwald Gin Glas aus TonCHF 17,09CHF 19,24 Versand Vodka WODKA SUVAROFF
25c.c 40 % mini flasche miniature bottle GIROLA LUXARDOCHF 11,81(CHF 472,40/L)CHF 9,13 VersandCOCKTAIL REZEPTE SHOTS , BLECHSCHILD BAR PARTY
20 x 30 cmCHF 10,62CHF 4,30 VersandNur noch 3Wodka Gorbatschow 40 ml 40 % mini flasche bottle miniature bottela Vodka GERMANYCHF 5,91(CHF 147,75/L)CHF 9,13 VersandJack Daniels Whiskey 90 proof 50 ml 45% vol mini flasche bottle miniature STURMCHF 171,94(CHF 3.438,80/L)CHF 16,12 Versand Wodka Morosoff 4 cl 40% mini flasche bottle miniature bottela GERMANYCHF 10,74(CHF 268,50/L)CHF 9,13 Versand MATKA KOSAKEN WODKA
0,04 l 40% mini flasche miniature bottle GERMANYCHF 13,96(CHF 349,00/L)CHF 9,13 VersandPAULANER , BLECHSCHILD mit PRÄGUNG 20 x 30 cm BIER MÜNCHEN BAYERNCHF 10,69CHF 4,30 Versand Wodka Fjorowka 0,04 l 37,5
% mini flasche miniature bottle DÜSSELDORFCHF 10,74(CHF 268,50/L)CHF 9,13 VersandSeitennummerierung - Seite 112345678910
Zusätzliches NavigationsmenüÜber eBayeBay NewsCommunitySicherheitsportalProbleme klärenZum ersten Mal verkaufenGrundsätzeHilfe & KontaktÜbersichtCopyright © 1995–2021 eBay Inc. Alle Rechte vorbehalten. eBay-AGB, Datenschutzerklärung, Erklärung zur Verwendung von Cookies und AdChoiceNorton Secured - powered by DigiCert